@article{marcus_ionic_1988,
	title        = {Ionic radii in aqueous solutions},
	author       = {Marcus, Yizhak},
	year         = 1988,
	journal      = {Chemical Reviews},
	volume       = 88,
	number       = 8,
	pages        = {1475--1498}
}
@article{misra_ion_2021,
	title        = {Ion {Adsorption} at {Solid}/{Water} {Interfaces}: {Establishing} the {Coupled} {Nature} of {Ion}–{Solid} and {Water}–{Solid} {Interactions}},
	author       = {Misra, Rahul Prasanna and Blankschtein, Daniel},
	year         = 2021,
	journal      = {The Journal of Physical Chemistry C},
	volume       = 125,
	number       = 4,
	pages        = {2666--2679}
}
@article{di_pasquale_dynamically_2021,
	title        = {Dynamically {Polarizable} {Force} {Fields} for {Surface} {Simulations} via {Multi}-output {Classification} {Neural} {Networks}},
	author       = {Di Pasquale, Nicodemo and Elliott, Joshua D. and Hadjidoukas, Panagiotis and Carbone, Paola},
	year         = 2021,
	journal      = {Journal of Chemical Theory and Computation},
	volume       = 17,
	number       = 7,
	pages        = {4477--4485}
}
@article{liu_super-strong_2021,
	title        = {Super-strong interactions between multivalent anions and graphene*},
	author       = {Liu, Xing and Shi, Guosheng},
	year         = 2021,
	journal      = {Chinese Physics B},
	volume       = 30,
	number       = 4,
	pages        = {046801--046801}
}
@article{shi_unexpectedly_2012,
	title        = {Unexpectedly strong anion-π interactions on the graphene flakes},
	author       = {Shi, Guosheng and Ding, Yihong and Fang, Haiping},
	year         = 2012,
	journal      = {Journal of Computational Chemistry},
	volume       = 33,
	number       = 14,
	pages        = {1328--1337}
}
@article{shi_ion_2013,
	title        = {Ion {Enrichment} on the {Hydrophobic} {Carbon}-based {Surface} in {Aqueous} {Salt} {Solutions} due to {Cation}-π {Interactions}},
	author       = {Shi, Guosheng and Liu, Jian and Wang, Chunlei and Song, Bo and Tu, Yusong and Hu, Jun and Fang, Haiping},
	year         = 2013,
	journal      = {Scientific Reports},
	volume       = 3,
	number       = 1,
	pages        = {3436--3436}
}
@article{lee_role_2020,
	title        = {Role of anions on electrochemical exfoliation of graphite into graphene in aqueous acids},
	author       = {Lee, Hoyoung and Choi, Ji Il and Park, Jinho and Jang, Seung Soon and Lee, Seung Woo},
	year         = 2020,
	journal      = {Carbon},
	volume       = 167,
	pages        = {816--825}
}
@article{yu_simulating_2010,
	title        = {Simulating {Monovalent} and {Divalent} {Ions} in {Aqueous} {Solution} {Using} a {Drude} {Polarizable} {Force} {Field}},
	author       = {Yu, Haibo and Whitfield, Troy W. and Harder, Edward and Lamoureux, Guillaume and Vorobyov, Igor and Anisimov, Victor M. and MacKerell, Alexander D. and Roux, Benoît},
	year         = 2010,
	journal      = {Journal of Chemical Theory and Computation},
	volume       = 6,
	number       = 3,
	pages        = {774--786}
}
@article{elliott_qmmd_2020,
	title        = {A {QM}/{MD} {Coupling} {Method} to {Model} the {Ion}-{Induced} {Polarization} of {Graphene}},
	author       = {Elliott, Joshua D. and Troisi, Alessandro and Carbone, Paola},
	year         = 2020,
	journal      = {Journal of Chemical Theory and Computation},
	volume       = 16,
	number       = 8,
	pages        = {5253--5263}
}
@article{h_capturing_2022,
	title        = {Capturing {Concentration}-{Induced} {Aggregation} of {Nucleobases} on a {Graphene} {Surface} through {Polarizable} {Force} {Field} {Simulations}},
	author       = {H, Hemanth and Yadav, Pradeep Kumar and Mallajosyula, Sairam S.},
	year         = 2022,
	journal      = {The Journal of Physical Chemistry C},
	volume       = 126,
	number       = 31,
	pages        = {13122--13131}
}
@article{lin_polarizable_2018,
	title        = {Polarizable {Force} {Field} for {Molecular} {Ions} {Based} on the {Classical} {Drude} {Oscillator}},
	author       = {Lin, Fang-Yu and Lopes, Pedro E. M. and Harder, Edward and Roux, Benoît and MacKerell, Alexander D.},
	year         = 2018,
	journal      = {Journal of Chemical Information and Modeling},
	volume       = 58,
	number       = 5,
	pages        = {993--1004}
}
@article{chen_multiscale_2018,
	title        = {Multiscale {Simulation} of the {Interaction} and {Adsorption} of {Ions} on a {Hydrophobic} {Graphene} {Surface}},
	author       = {Chen, Luohao and Guo, Yanan and Xu, Zhijun and Yang, Xiaoning},
	year         = 2018,
	journal      = {ChemPhysChem},
	volume       = 19,
	number       = 21,
	pages        = {2954--2960}
}
@article{williams_effective_2017,
	title        = {Effective {Polarization} in {Pairwise} {Potentials} at the {Graphene}–{Electrolyte} {Interface}},
	author       = {Williams, Christopher D. and Dix, James and Troisi, Alessandro and Carbone, Paola},
	year         = 2017,
	journal      = {The Journal of Physical Chemistry Letters},
	volume       = 8,
	number       = 3,
	pages        = {703--708}
}
@article{zhou_deciphering_2020,
	title        = {Deciphering the nature of ion-graphene interaction},
	author       = {Zhou, Ke and Xu, Zhiping},
	year         = 2020,
	journal      = {Physical Review Research},
	volume       = 2,
	number       = 4,
	pages        = {042034--042034}
}
@article{sunner_ion-solvent_1981,
	title        = {Ion-solvent molecule interactions in the gas phase. {The} potassium ion and benzene},
	author       = {Sunner, Jan and Nishizawa, Kazushige and Kebarle, Paul},
	year         = 1981,
	journal      = {The Journal of Physical Chemistry},
	volume       = 85,
	number       = 13,
	pages        = {1814--1820}
}
@article{mu_hydrated_2021,
	title        = {Hydrated cation–π interactions of π-electrons with hydrated {Li} + , {Na} + , and {K} + cations},
	author       = {Mu, Liuhua and Yang, Yizhou and Liu, Jian and Du, Wei and Chen, Jige and Shi, Guosheng and Fang, Haiping},
	year         = 2021,
	journal      = {Physical Chemistry Chemical Physics},
	volume       = 23,
	number       = 27,
	pages        = {14662--14670}
}
@article{glendening_dicationwater_1996,
	title        = {Dication−{Water} {Interactions}:  {M} 2+ ({H} 2 {O}) n {Clusters} for {Alkaline} {Earth} {Metals} {M} = {Mg}, {Ca}, {Sr}, {Ba}, and {Ra}},
	author       = {Glendening, Eric D. and Feller, David},
	year         = 1996,
	journal      = {The Journal of Physical Chemistry},
	volume       = 100,
	number       = 12,
	pages        = {4790--4797}
}
@article{iamprasertkun_capacitance_2019,
	title        = {Capacitance of {Basal} {Plane} and {Edge}-{Oriented} {Highly} {Ordered} {Pyrolytic} {Graphite}: {Specific} {Ion} {Effects}},
	author       = {Iamprasertkun, Pawin and Hirunpinyopas, Wisit and Keerthi, Ashok and Wang, Bin and Radha, Boya and Bissett, Mark A. and Dryfe, Robert A. W.},
	year         = 2019,
	journal      = {The Journal of Physical Chemistry Letters},
	volume       = 10,
	number       = 3,
	pages        = {617--623}
}
@article{mccaffrey_mechanism_2017,
	title        = {Mechanism of ion adsorption to aqueous interfaces: {Graphene}/water vs. air/water},
	author       = {McCaffrey, Debra L. and Nguyen, Son C. and Cox, Stephen J. and Weller, Horst and Alivisatos, A. Paul and Geissler, Phillip L. and Saykally, Richard J.},
	year         = 2017,
	journal      = {Proceedings of the National Academy of Sciences},
	volume       = 114,
	number       = 51,
	pages        = {13369--13373}
}
@article{mennucci_polarizable_2002,
	title        = {Polarizable {Continuum} {Model} ({PCM}) {Calculations} of {Solvent} {Effects} on {Optical} {Rotations} of {Chiral} {Molecules}},
	author       = {Mennucci, B. and Tomasi, J. and Cammi, R. and Cheeseman, J. R. and Frisch, M. J. and Devlin, F. J. and Gabriel, S. and Stephens, P. J.},
	year         = 2002,
	journal      = {The Journal of Physical Chemistry A},
	volume       = 106,
	number       = 25,
	pages        = {6102--6113}
}
@article{abraham_tunable_2017,
	title        = {Tunable sieving of ions using graphene oxide membranes},
	author       = {Abraham, Jijo and Vasu, Kalangi S. and Williams, Christopher D. and Gopinadhan, Kalon and Su, Yang and Cherian, Christie T. and Dix, James and Prestat, Eric and Haigh, Sarah J. and Grigorieva, Irina V. and Carbone, Paola and Geim, Andre K. and Nair, Rahul R.},
	year         = 2017,
	journal      = {Nature Nanotechnology},
	volume       = 12,
	number       = 6,
	pages        = {546--550}
}
@article{nair_unimpeded_2012,
	title        = {Unimpeded {Permeation} of {Water} {Through} {Helium}-{Leak}–{Tight} {Graphene}-{Based} {Membranes}},
	author       = {Nair, R. R. and Wu, H. A. and Jayaram, P. N. and Grigorieva, I. V. and Geim, A. K.},
	year         = 2012,
	journal      = {Science},
	volume       = 335,
	number       = 6067,
	pages        = {442--444}
}
@article{pumera_graphene_2010,
	title        = {Graphene for electrochemical sensing and biosensing},
	author       = {Pumera, Martin and Ambrosi, Adriano and Bonanni, Alessandra and Chng, Elaine Lay Khim and Poh, Hwee Ling},
	year         = 2010,
	journal      = {TrAC Trends in Analytical Chemistry},
	volume       = 29,
	number       = 9,
	pages        = {954--965}
}
@article{pumera_electrochemistry_2009,
	title        = {Electrochemistry of graphene: new horizons for sensing and energy storage},
	author       = {Pumera, Martin},
	year         = 2009,
	journal      = {The Chemical Record},
	volume       = 9,
	number       = 4,
	pages        = {211--223}
}
@article{sheng_electrochemical_2012,
	title        = {Electrochemical sensor based on nitrogen doped graphene: {Simultaneous} determination of ascorbic acid, dopamine and uric acid},
	author       = {Sheng, Zhen-Huan and Zheng, Xiao-Qing and Xu, Jian-Yun and Bao, Wen-Jing and Wang, Feng-Bin and Xia, Xing-Hua},
	year         = 2012,
	journal      = {Biosensors and Bioelectronics},
	volume       = 34,
	number       = 1,
	pages        = {125--131}
}
@article{stoller_graphene-based_2008,
	title        = {Graphene-{Based} {Ultracapacitors}},
	author       = {Stoller, Meryl D. and Park, Sungjin and Zhu, Yanwu and An, Jinho and Ruoff, Rodney S.},
	year         = 2008,
	journal      = {Nano Letters},
	volume       = 8,
	number       = 10,
	pages        = {3498--3502}
}
@article{wang_supercapacitor_2009,
	title        = {Supercapacitor {Devices} {Based} on {Graphene} {Materials}},
	author       = {Wang, Yan and Shi, Zhiqiang and Huang, Yi and Ma, Yanfeng and Wang, Chengyang and Chen, Mingming and Chen, Yongsheng},
	year         = 2009,
	journal      = {The Journal of Physical Chemistry C},
	volume       = 113,
	number       = 30,
	pages        = {13103--13107}
}
@article{wang_sngraphene_2009,
	title        = {Sn/graphene nanocomposite with {3D} architecture for enhanced reversible lithium storage in lithium ion batteries},
	author       = {Wang, Guoxiu and Wang, Bei and Wang, Xianlong and Park, Jinsoo and Dou, Shixue and Ahn, Hyojun and Kim, Kiwon},
	year         = 2009,
	journal      = {Journal of Materials Chemistry},
	volume       = 19,
	number       = 44,
	pages        = {8378--8378}
}
@article{liang_graphene-based_2009,
	title        = {Graphene-based electrode materials for rechargeable lithium batteries},
	author       = {Liang, Minghui and Zhi, Linjie},
	year         = 2009,
	journal      = {Journal of Materials Chemistry},
	volume       = 19,
	number       = 33,
	pages        = {5871--5871}
}
@article{boretti_outlook_2018,
	title        = {Outlook for graphene-based desalination membranes},
	author       = {Boretti, Albert and Al-Zubaidy, Sarim and Vaclavikova, Miroslava and Al-Abri, Mohammed and Castelletto, Stefania and Mikhalovsky, Sergey},
	year         = 2018,
	journal      = {npj Clean Water},
	volume       = 1,
	number       = 1,
	pages        = {5--5}
}
@article{homaeigohar_graphene_2017,
	title        = {Graphene membranes for water desalination},
	author       = {Homaeigohar, Shahin and Elbahri, Mady},
	year         = 2017,
	journal      = {NPG Asia Materials},
	volume       = 9,
	number       = 8,
	pages        = {e427--e427}
}
@article{joshi_precise_2014,
	title        = {Precise and {Ultrafast} {Molecular} {Sieving} {Through} {Graphene} {Oxide} {Membranes}},
	author       = {Joshi, R. K. and Carbone, P. and Wang, F. C. and Kravets, V. G. and Su, Y. and Grigorieva, I. V. and Wu, H. A. and Geim, A. K. and Nair, R. R.},
	year         = 2014,
	journal      = {Science},
	volume       = 343,
	number       = 6172,
	pages        = {752--754}
}
@article{yang_ultrathin_2017,
	title        = {Ultrathin graphene-based membrane with precise molecular sieving and ultrafast solvent permeation},
	author       = {Yang, Q. and Su, Y. and Chi, C. and Cherian, C. T. and Huang, K. and Kravets, V. G. and Wang, F. C. and Zhang, J. C. and Pratt, A. and Grigorenko, A. N. and Guinea, F. and Geim, A. K. and Nair, R. R.},
	year         = 2017,
	journal      = {Nature Materials},
	volume       = 16,
	number       = 12,
	pages        = {1198--1202}
}
@article{sun_selective_2014,
	title        = {Selective {Trans}-{Membrane} {Transport} of {Alkali} and {Alkaline} {Earth} {Cations} through {Graphene} {Oxide} {Membranes} {Based} on {Cation}−π {Interactions}},
	author       = {Sun, Pengzhan and Zheng, Feng and Zhu, Miao and Song, Zhigong and Wang, Kunlin and Zhong, Minlin and Wu, Dehai and Little, Reginald B. and Xu, Zhiping and Zhu, Hongwei},
	year         = 2014,
	journal      = {ACS Nano},
	volume       = 8,
	number       = 1,
	pages        = {850--859}
}
@article{xu_coadsorption_2006,
	title        = {Coadsorption of {Guanine} and {Cytosine} on {Graphite}:  {Ordered} {Structure} {Based} on {GC} {Pairing}},
	author       = {{Xu} and Dong, Mingdong and Rauls, Eva and Otero, Roberto and Linderoth, Trolle R. and Besenbacher, Flemming},
	year         = 2006,
	journal      = {Nano Letters},
	volume       = 6,
	number       = 7,
	pages        = {1434--1438}
}
@article{zhao_investigating_2016,
	title        = {Investigating the {Co}-{Adsorption} {Behavior} of {Nucleic}-{Acid} {Base} ({Thymine} and {Cytosine}) and {Melamine} at {Liquid}/{Solid} {Interface}},
	author       = {Zhao, Huiling and Li, Yinli and Chen, Dong and Liu, Bo},
	year         = 2016,
	journal      = {Nanoscale Research Letters},
	volume       = 11,
	number       = 1,
	pages        = {552--552}
}
@article{hsu_stm_2021,
	title        = {A {STM} view of the reorientation of cytosine adsorbed on the {Au}(111) – (1 × 1) electrode in sulfuric and perchloric acids},
	author       = {Hsu, Yi Hsuan and Wu, Che Kai and Yau, Shuehlin},
	year         = 2021,
	journal      = {Electrochimica Acta},
	volume       = 390,
	pages        = {138871--138871}
}
@article{iakhnenko_adsorption_2013,
	title        = {Adsorption of {Cytosine} and {AZA} {Derivatives} of {Cytidine} on {Au} {Single} {Crystal} {Surfaces}},
	author       = {Iakhnenko, Marianna and Feyer, Vitaliy and Tsud, Nataliya and Plekan, Oksana and Wang, Feng and Ahmed, Marawan and Slobodyanyuk, Oleksandr V. and Acres, Robert G. and Matolín, Vladimír and Prince, Kevin C.},
	year         = 2013,
	journal      = {The Journal of Physical Chemistry C},
	volume       = 117,
	number       = 36,
	pages        = {18423--18433}
}
@article{gonzalez_competition_2017,
	title        = {Competition between stacked and hydrogen bonded structures of cytosine aggregates},
	author       = {González, Jorge and Usabiaga, Imanol and Arnaiz, Pedro F. and León, Iker and Martínez, Rodrigo and Millán, Judith and Fernández, José A.},
	year         = 2017,
	journal      = {Physical Chemistry Chemical Physics},
	volume       = 19,
	number       = 13,
	pages        = {8826--8834}
}
@article{brooks_charmm_1983,
	title        = {{CHARMM}: {A} program for macromolecular energy, minimization, and dynamics calculations},
	author       = {Brooks, Bernard R. and Bruccoleri, Robert E. and Olafson, Barry D. and States, David J. and Swaminathan, S. and Karplus, Martin},
	year         = 1983,
	journal      = {Journal of Computational Chemistry},
	volume       = 4,
	number       = 2,
	pages        = {187--217}
}
@article{mignon_influence_2005,
	title        = {Influence of the \${\textbackslash}pi\$ - \${\textbackslash}pi\$ interaction on the hydrogen bonding capacity of stacked {DNA}/{RNA} bases},
	author       = {Mignon, Pierre and Loverix, Stefan and Steyaert, Jan and Geerlings, Paul},
	year         = 2005,
	journal      = {Nucleic Acids Research},
	volume       = 33,
	number       = 6,
	pages        = {1779--1789}
}
@article{phillips_scalable_2005,
	title        = {Scalable molecular dynamics with {NAMD}},
	author       = {Phillips, James C. and Braun, Rosemary and Wang, Wei and Gumbart, James and Tajkhorshid, Emad and Villa, Elizabeth and Chipot, Christophe and Skeel, Robert D. and Kalé, Laxmikant and Schulten, Klaus},
	year         = 2005,
	journal      = {Journal of Computational Chemistry},
	volume       = 26,
	number       = 16,
	pages        = {1781--1802}
}
@article{brooks_charmm_2009,
	title        = {{CHARMM}: {The} biomolecular simulation program},
	author       = {Brooks, B. R. and Brooks, C. L. and Mackerell, A. D. and Nilsson, L. and Petrella, R. J. and Roux, B. and Won, Y. and Archontis, G. and Bartels, C. and Boresch, S. and Caflisch, A. and Caves, L. and Cui, Q. and Dinner, A. R. and Feig, M. and Fischer, S. and Gao, J. and Hodoscek, M. and Im, W. and Kuczera, K. and Lazaridis, T. and Ma, J. and Ovchinnikov, V. and Paci, E. and Pastor, R. W. and Post, C. B. and Pu, J. Z. and Schaefer, M. and Tidor, B. and Venable, R. M. and Woodcock, H. L. and Wu, X. and Yang, W. and York, D. M. and Karplus, M.},
	year         = 2009,
	journal      = {Journal of Computational Chemistry},
	volume       = 30,
	number       = 10,
	pages        = {1545--1614}
}
@article{mackerell_all-atom_2000,
	title        = {All-atom empirical force field for nucleic acids: {II}. {Application} to molecular dynamics simulations of {DNA} and {RNA} in solution},
	author       = {MacKerell, Alexander D. and Banavali, Nilesh K.},
	year         = 2000,
	journal      = {Journal of Computational Chemistry},
	volume       = 21,
	number       = 2,
	pages        = {105--120}
}
@article{foloppe_all-atom_2000,
	title        = {All-{Atom} {Empirical} {Force} {Field} for {Nucleic} {Acids}: {I}. {Parameter} {Optimization} {Based} on {Small} {Molecule} and {Condensed} {Phase} {Macromolecular} {Target} {Data} {ALL}-{ATOM} {EMPIRICAL} {FORCE} {FIELD} {FOR} {NUCLEIC} {ACIDS}. {I}},
	author       = {Foloppe, Nicolas and Mackerell, Alexander D},
	year         = 2000,
	journal      = {Journal of Computational Chemistry},
	volume       = 21,
	number       = 2,
	pages        = {86--104},
	keywords     = {CHARMM, DNA, empirical, force field, molecular dynamics, molecular mechanics, RNA}
}
@article{hart_optimization_2012,
	title        = {Optimization of the {CHARMM} {Additive} {Force} {Field} for {DNA}: {Improved} {Treatment} of the {BI}/{BII} {Conformational} {Equilibrium}},
	author       = {Hart, Katarina and Foloppe, Nicolas and Baker, Christopher M. and Denning, Elizabeth J. and Nilsson, Lennart and MacKerell, Alexander D.},
	year         = 2012,
	journal      = {Journal of Chemical Theory and Computation},
	volume       = 8,
	number       = 1,
	pages        = {348--362}
}
@article{humphrey_vmd_1996,
	title        = {{VMD}: {Visual} molecular dynamics},
	author       = {Humphrey, William and Dalke, Andrew and Schulten, Klaus},
	year         = 1996,
	journal      = {Journal of Molecular Graphics},
	volume       = 14,
	number       = 1,
	pages        = {33--38}
}
@article{lotito_approaches_2017,
	title        = {Approaches to self-assembly of colloidal monolayers: {A} guide for nanotechnologists},
	author       = {Lotito, Valeria and Zambelli, Tomaso},
	year         = 2017,
	journal      = {Advances in Colloid and Interface Science},
	volume       = 246,
	pages        = {217--274}
}
@article{h_polarization_2021,
	title        = {Polarization influences the evolution of nucleobase–graphene interactions},
	author       = {H, Hemanth. and Mallajosyula, Sairam S.},
	year         = 2021,
	journal      = {Nanoscale},
	volume       = 13,
	number       = 7,
	pages        = {4060--4072}
}
@article{manukyan_first_2015,
	title        = {First principles potential for the cytosine dimer},
	author       = {Manukyan, Artür and Tekin, Adem},
	year         = 2015,
	journal      = {Physical Chemistry Chemical Physics},
	volume       = 17,
	number       = 22,
	pages        = {14685--14701}
}
@article{mukhopadhyay_design_2018,
	title        = {Design {Rules} for the {Generation} of {Stable} {Quartet} {Phases} of {Nucleobases} over {Two}-{Dimensional} {Materials}},
	author       = {Mukhopadhyay, Titas Kumar and Datta, Ayan},
	year         = 2018,
	journal      = {The Journal of Physical Chemistry C},
	volume       = 122,
	number       = 50,
	pages        = {28918--28933}
}
@article{mukhopadhyay_delicate_2020,
	title        = {Delicate {Balance} of {Non}‐{Covalent} {Forces} {Govern} the {Biocompatibility} of {Graphitic} {Carbon} {Nitride} towards {Genetic} {Materials}},
	author       = {Mukhopadhyay, Titas Kumar and Datta, Ayan},
	year         = 2020,
	journal      = {ChemPhysChem},
	volume       = 21,
	number       = 16,
	pages        = {1836--1846}
}
@article{mukhopadhyay_screening_2020,
	title        = {Screening two dimensional materials for the transportation and delivery of diverse genetic materials},
	author       = {Mukhopadhyay, Titas Kumar and Datta, Ayan},
	year         = 2020,
	journal      = {Nanoscale},
	volume       = 12,
	number       = 2,
	pages        = {703--719}
}
@article{mukhopadhyay_gauging_2018,
	title        = {Gauging the {Nanotoxicity} of {h2D}-{C} {\textbackslash}textsubscript\{2\}{N} toward {Single}-{Stranded} {DNA}: {An} in {Silico} {Molecular} {Simulation} {Approach}},
	author       = {Mukhopadhyay, Titas Kumar and Bhattacharyya, Kalishankar and Datta, Ayan},
	year         = 2018,
	journal      = {ACS Applied Materials \& Interfaces},
	volume       = 10,
	number       = 16,
	pages        = {13805--13818}
}
@article{saikia_polarity-induced_2018,
	title        = {Polarity-{Induced} {Surface} {Recognition} and {Self}-{Assembly} of {Noncanonical} {DNA} {Nucleobases} on h -{BN} {Monolayer}},
	author       = {Saikia, Nabanita and Pandey, Ravindra},
	year         = 2018,
	journal      = {The Journal of Physical Chemistry C},
	volume       = 122,
	number       = 7,
	pages        = {3915--3925}
}
@article{ding_adsorption_2013,
	title        = {Adsorption of nucleobase pairs on hexagonal boron nitride sheet: hydrogen bonding versus stacking},
	author       = {Ding, Ning and Chen, Xiangfeng and Wu, Chi-Man Lawrence and Li, Hui},
	year         = 2013,
	journal      = {Physical Chemistry Chemical Physics},
	volume       = 15,
	number       = 26,
	pages        = {10767--10767}
}
@article{rosa_enthalpyentropy_2014,
	title        = {Enthalpy–{Entropy} {Tuning} in the {Adsorption} of {Nucleobases} at the {Au}(111) {Surface}},
	author       = {Rosa, Marta and Corni, Stefano and Di Felice, Rosa},
	year         = 2014,
	journal      = {Journal of Chemical Theory and Computation},
	volume       = 10,
	number       = 4,
	pages        = {1707--1716}
}
@article{maleki_molecular_2011,
	title        = {Molecular {Dynamics} {Simulation} {Study} of {Adsorption} and {Patterning} of {DNA} {Bases} on the {Au}(111) {Surface}},
	author       = {Maleki, Afsaneh and Alavi, Saman and Najafi, Bijan},
	year         = 2011,
	journal      = {The Journal of Physical Chemistry C},
	volume       = 115,
	number       = 45,
	pages        = {22484--22494}
}
@article{rapino_modeling_2005,
	title        = {Modeling the {Stability} and the {Motion} of {DNA} {Nucleobases} on the {Gold} {Surface}},
	author       = {Rapino, Stefania and Zerbetto, Francesco},
	year         = 2005,
	journal      = {Langmuir},
	volume       = 21,
	number       = 6,
	pages        = {2512--2518}
}
@article{xu_directional_2021,
	title        = {Directional observations of guanine and cytosine pairing structures on {HOPG}},
	author       = {Xu, Xuming and Li, Yudie and Xu, Shilin and Leng, Xinli and Chen, Xiaoling and Li, Wei},
	year         = 2021,
	journal      = {Chemical Physics},
	volume       = 546,
	pages        = {111189--111189}
}
@article{tanaka_two-dimensional_1996,
	title        = {Two-dimensional self-assembly of {DNA} base molecules on {Cu}(111) surfaces},
	author       = {Tanaka, Hiroyuki and Nakagawa, Takaomi and Kawai, Tomoji},
	year         = 1996,
	journal      = {Surface Science},
	volume       = 364,
	number       = 2,
	pages        = {L575--L579}
}
@article{sowerby_role_1998,
	title        = {The {Role} of {Self}-{Assembled} {Monolayers} of the {Purine} and {Pyrimidine} {Bases} in the {Emergence} of {Life}},
	author       = {Sowerby, Stephen J. and Heckl, Wolfgang M.},
	year         = 1998,
	journal      = {Origins of Life and Evolution of the Biosphere},
	volume       = 28,
	number       = 3,
	pages        = {283--310}
}
@article{cassidy_guanine-centric_2014,
	title        = {Guanine-{Centric} {Self}-{Assembly} of {Nucleotides} in {Water}: {An} {Important} {Consideration} in {Prebiotic} {Chemistry}},
	author       = {Cassidy, Lauren M. and Burcar, Bradley T. and Stevens, Wyatt and Moriarty, Elizabeth M. and McGown, Linda B.},
	year         = 2014,
	journal      = {Astrobiology},
	volume       = 14,
	number       = 10,
	pages        = {876--886}
}
@article{borzsonyi_water-soluble_2010,
	title        = {Water-{Soluble} {J}-{Type} {Rosette} {Nanotubes} with {Giant} {Molar} {Ellipticity}},
	author       = {Borzsonyi, Gabor and Beingessner, Rachel L. and Yamazaki, Takeshi and Cho, Jae-Young and Myles, Andrew J. and Malac, Marek and Egerton, Ray and Kawasaki, Masahiro and Ishizuka, Kazuo and Kovalenko, Andriy and Fenniri, Hicham},
	year         = 2010,
	journal      = {Journal of the American Chemical Society},
	volume       = 132,
	number       = 43,
	pages        = {15136--15139}
}
@article{chhabra_electroless_2011,
	title        = {Electroless {Synthesis} of 1.4 nm {Pd} and {Pt} {Nanoparticles} on {Self}-{Assembled} {Rosette} {Nanotubes}},
	author       = {Chhabra, Rahul and Fenniri, Hicham},
	year         = 2011,
	journal      = {MRS Proceedings},
	volume       = 1301,
	pages        = {mrsf10--14}
}
@article{song_self-assembled_2011,
	title        = {Self-assembled rosette nanotubes for incorporating hydrophobic drugs in physiological environments},
	author       = {Song, Shang and Chen, Yupeng and Yan, Zhimin and Fenniri, Hicham and Webster, Thomas J.},
	year         = 2011,
	journal      = {International Journal of Nanomedicine},
	volume       = 6,
	number       = 1,
	pages        = {101--107},
	keywords     = {Drug delivery, Rosette nanotubes, Self-assembly, Tamoxifen}
}
@article{suri_role_2009,
	title        = {The role of {RGD}-tagged helical rosette nanotubes in the induction of inflammation and apoptosis in human lung adenocarcinoma cells through the {P38} {MAPK} pathway},
	author       = {Suri, Sarabjeet S. and Rakotondradany, Felaniaina and Myles, Andrew J. and Fenniri, Hicham and Singh, Baljit},
	year         = 2009,
	journal      = {Biomaterials},
	volume       = 30,
	number       = 17,
	pages        = {3084--3090}
}
@article{laguerre_synthetic_2015,
	title        = {Synthetic {G}-{Quartets} as {Versatile} {Nanotools} for the {Luminescent} {Detection} of {G}-{Quadruplexes}},
	author       = {Laguerre, Aurelien and Levillain, Marine and Stefan, Loic and Haudecoeur, Romain and Katranji, Fares and Pirrotta, Marc and Monchaud, David},
	year         = 2015,
	journal      = {CHIMIA},
	volume       = 69,
	number       = 9,
	pages        = {530--530}
}
@article{sessler_novel_2003,
	title        = {Novel {Guanosine}−{Cytidine} {Dinucleoside} that {Self}-{Assembles} into a {Trimeric} {Supramolecule}},
	author       = {Sessler, Jonathan L. and Jayawickramarajah, Janarthanan and Sathiosatham, Muhunthan and Sherman, Courtney L. and Brodbelt, Jennifer S.},
	year         = 2003,
	journal      = {Organic Letters},
	volume       = 5,
	number       = 15,
	pages        = {2627--2630}
}
@article{park_highly_2005,
	title        = {A {Highly} {Stable} {Quadruply} {Hydrogen}-{Bonded} {Heterocomplex} {Useful} for {Supramolecular} {Polymer} {Blends}},
	author       = {Park, Taiho and Zimmerman, Steven C. and Nakashima, Shoji},
	year         = 2005,
	journal      = {Journal of the American Chemical Society},
	volume       = 127,
	number       = 18,
	pages        = {6520--6521}
}
@article{lafitte_quadruply_2006,
	title        = {Quadruply {Hydrogen} {Bonded} {Cytosine} {Modules} for {Supramolecular} {Applications}},
	author       = {Lafitte, Valérie G. H. and Aliev, Abil E. and Horton, Peter N. and Hursthouse, Michael B. and Bala, Kason and Golding, Peter and Hailes, Helen C.},
	year         = 2006,
	journal      = {Journal of the American Chemical Society},
	volume       = 128,
	number       = 20,
	pages        = {6544--6545}
}
@article{fenniri_helical_2001,
	title        = {Helical {Rosette} {Nanotubes}:  {Design}, {Self}-{Assembly}, and {Characterization}},
	author       = {Fenniri, Hicham and Mathivanan, Packiarajan and Vidale, Kenrick L. and Sherman, Debra M. and Hallenga, Klaas and Wood, Karl V. and Stowell, Joseph G.},
	year         = 2001,
	journal      = {Journal of the American Chemical Society},
	volume       = 123,
	number       = 16,
	pages        = {3854--3855}
}
@article{marsh_self-complementary_1996,
	title        = {Self-complementary hydrogen bonding heterocycles designed for the enforced self-assembly into supramolecular macrocycles},
	author       = {Marsh, Andrew and Silvestri, Michael and Lehn, Jean-Marie},
	year         = 1996,
	journal      = {Chemical Communications},
	number       = 13,
	pages        = {1527--1527}
}
@article{otero_elementary_2008,
	title        = {Elementary {Structural} {Motifs} in a {Random} {Network} of {Cytosine} {Adsorbed} on a {Gold}(111) {Surface}},
	author       = {Otero, Roberto and Lukas, Maya and Kelly, Ross E. A. and Xu, Wei and Lægsgaard, Erik and Stensgaard, Ivan and Kantorovich, Lev N. and Besenbacher, Flemming},
	year         = 2008,
	journal      = {Science},
	volume       = 319,
	number       = 5861,
	pages        = {312--315}
}
@article{wandlowski_structure_1996,
	title        = {Structure and stability of cytosine adlayers on {Au}(111): an in-situ {STM} study},
	author       = {Wandlowski, Th. and Lampner, D. and Lindsay, S.M.},
	year         = 1996,
	journal      = {Journal of Electroanalytical Chemistry},
	volume       = 404,
	number       = 2,
	pages        = {215--226}
}
@article{lukas_adenine_2009,
	title        = {Adenine monolayers on the {Au}(111) surface: {Structure} identification by scanning tunneling microscopy experiment and ab initio calculations},
	author       = {Lukas, Maya and Kelly, Ross E. A. and Kantorovich, Lev N. and Otero, Roberto and Xu, Wei and Laegsgaard, Erik and Stensgaard, Ivan and Besenbacher, Flemming},
	year         = 2009,
	journal      = {The Journal of Chemical Physics},
	volume       = 130,
	number       = 2,
	pages        = {024705--024705}
}
@article{kelly_understanding_2008,
	title        = {Understanding the disorder of the {DNA} base cytosine on the {Au}(111) surface},
	author       = {Kelly, Ross E. A. and Lukas, Maya and Kantorovich, Lev N. and Otero, Roberto and Xu, Wei and Mura, Manuela and Lægsgaard, Erik and Stensgaard, Ivan and Besenbacher, Flemming},
	year         = 2008,
	journal      = {The Journal of Chemical Physics},
	volume       = 129,
	number       = 18,
	pages        = {184707--184707}
}
@article{saikia_dynamics_2018,
	title        = {Dynamics of self-assembled cytosine nucleobases on graphene},
	author       = {Saikia, Nabanita and Johnson, Floyd and Waters, Kevin and Pandey, Ravindra},
	year         = 2018,
	journal      = {Nanotechnology},
	volume       = 29,
	number       = 19,
	pages        = {195601--195601}
}
@article{heckl_two-dimensional_1991,
	title        = {Two-dimensional ordering of the {DNA} base guanine observed by scanning tunneling microscopy.},
	author       = {Heckl, W M and Smith, D P and Binnig, G and Klagges, H and Hänsch, T W and Maddocks, J},
	year         = 1991,
	journal      = {Proceedings of the National Academy of Sciences},
	volume       = 88,
	number       = 18,
	pages        = {8003--8005}
}
@article{freund_structure_1997,
	title        = {Structure determination of two-dimensional adenine crystals on graphite},
	author       = {Freund, J. E. and Edelwirth, M. and Kröbel, P. and Heckl, W. M.},
	year         = 1997,
	journal      = {Physical Review B},
	volume       = 55,
	number       = 8,
	pages        = {5394--5397}
}
@article{saikia_hierarchical_2017,
	title        = {Hierarchical {Self}-{Assembly} of {Noncanonical} {Guanine} {Nucleobases} on {Graphene}},
	author       = {Saikia, Nabanita and Waters, Kevin and Karna, Shashi P. and Pandey, Ravindra},
	year         = 2017,
	journal      = {ACS Omega},
	volume       = 2,
	number       = 7,
	pages        = {3457--3466}
}
@article{saravanan_surface_2018,
	title        = {Surface modification and pattern formation by nucleobases and their coordination complexes},
	author       = {Saravanan, R. Kamal and Avasthi, Ilesha and Prajapati, Rajneesh Kumar and Verma, Sandeep},
	year         = 2018,
	journal      = {RSC Advances},
	volume       = 8,
	number       = 43,
	pages        = {24541--24560}
}
@incollection{subramani_self-assembly_2012,
	title        = {Self-{Assembly} of {Proteins} and {Peptides} and {Their} {Applications} in {Bionanotechnology} and {Dentistry}},
	author       = {Subramani, K. and Ahmed, W.},
	year         = 2012,
	booktitle    = {Emerging {Nanotechnologies} in {Dentistry}},
	publisher    = {Elsevier},
	pages        = {209--224}
}
@article{quesne-turin_first-principles_2017,
	title        = {First-principles investigation of the structural and electronic properties of self-assemblies of functional molecules on graphene},
	author       = {Quesne-Turin, Ambroise and Touzeau, Jeremy and Dappe, Yannick J. and Diawara, Boubakar and Maurel, François and Seydou, Mahamadou},
	year         = 2017,
	journal      = {Superlattices and Microstructures},
	volume       = 105,
	pages        = {139--151}
}
@article{moradi_two-dimensional_2017,
	title        = {Two-{Dimensional} {Calix}[4]arene-based {Metal}-{Organic} {Coordination} {Networks} of {Tunable} {Crystallinity}},
	author       = {Moradi, Mina and Tulli, Ludovico G. and Nowakowski, Jan and Baljozovic, Milos and Jung, Thomas A. and Shahgaldian, Patrick},
	year         = 2017,
	journal      = {Angewandte Chemie International Edition},
	volume       = 56,
	number       = 46,
	pages        = {14395--14399}
}
@article{goronzy_supramolecular_2018,
	title        = {Supramolecular {Assemblies} on {Surfaces}: {Nanopatterning}, {Functionality}, and {Reactivity}},
	author       = {Goronzy, Dominic P. and Ebrahimi, Maryam and Rosei, Federico and {Arramel} and Fang, Yuan and De Feyter, Steven and Tait, Steven L. and Wang, Chen and Beton, Peter H. and Wee, Andrew T. S. and Weiss, Paul S. and Perepichka, Dmitrii F.},
	year         = 2018,
	journal      = {ACS Nano},
	volume       = 12,
	number       = 8,
	pages        = {7445--7481}
}
@article{mamdouh_supramolecular_2006,
	title        = {Supramolecular {Nanopatterns} {Self}-{Assembled} by {Adenine}−{Thymine} {Quartets} at the {Liquid}/{Solid} {Interface}},
	author       = {Mamdouh, Wael and Dong, Mingdong and Xu, Sailong and Rauls, Eva and Besenbacher, Flemming},
	year         = 2006,
	journal      = {Journal of the American Chemical Society},
	volume       = 128,
	number       = 40,
	pages        = {13305--13311}
}
@article{lemkul_induced_2014,
	title        = {Induced {Polarization} {Influences} the {Fundamental} {Forces} in {DNA} {Base} {Flipping}},
	author       = {Lemkul, Justin A. and Savelyev, Alexey and MacKerell, Alexander D.},
	year         = 2014,
	journal      = {The Journal of Physical Chemistry Letters},
	volume       = 5,
	number       = 12,
	pages        = {2077--2083}
}
@article{sowerby_molecular_1998,
	title        = {Molecular mechanics simulation of uracil adlayers on molybdenum disulfide and graphite surfaces},
	author       = {Sowerby, S.J. and Edelwirth, M. and Heckl, W.M.},
	year         = 1998,
	journal      = {Applied Physics A: Materials Science \& Processing},
	volume       = 66,
	number       = 7,
	pages        = {S649--S653}
}
@article{xu_probing_2007,
	title        = {Probing the {Hierarchy} of {Thymine}–{Thymine} {Interactions} in {Self}-{Assembled} {Structures} by {Manipulation} with {Scanning} {Tunneling} {Microscopy}},
	author       = {Xu, Wei and E. A. Kelly, Ross and Otero, Roberto and Schöck, Maya and Lægsgaard, Erik and Stensgaard, Ivan and Kantorovich, Lev N. and Besenbacher, Flemming},
	year         = 2007,
	journal      = {Small},
	volume       = 3,
	number       = 12,
	pages        = {2011--2014}
}
@article{spada_guanosine-based_2008,
	title        = {Guanosine-based {Hydrogen}-bonded {Scaffolds}: {Controlling} the {Assembly} of {Oligothiophenes}},
	author       = {Spada, Gian Piero and Lena, Stefano and Masiero, Stefano and Pieraccini, Silvia and Surin, Mathieu and Samorì, Paolo},
	year         = 2008,
	journal      = {Advanced Materials},
	volume       = 20,
	number       = 12,
	pages        = {2433--2438}
}
@article{sowerby_scanning_1997,
	title        = {Scanning tunneling microscopy of uracil monolayers self-assembled at the solid{\textbar}liquid interface},
	author       = {Sowerby, Stephen J. and Petersen, George B.},
	year         = 1997,
	journal      = {Journal of Electroanalytical Chemistry},
	volume       = 433,
	number       = {1-2},
	pages        = {85--90}
}
@article{ciesielski_self-assembly_2016,
	title        = {Self-assembly of {Natural} and {Unnatural} {Nucleobases} at {Surfaces} and {Interfaces}},
	author       = {Ciesielski, Artur and El Garah, Mohamed and Masiero, Stefano and Samorì, Paolo},
	year         = 2016,
	journal      = {Small},
	volume       = 12,
	number       = 1,
	pages        = {83--95}
}
@article{hamlin_hydrogen-bonded_1965,
	title        = {Hydrogen-{Bonded} {Dimers} of {Adenine} and {Uracil} {Derivatives}},
	author       = {Hamlin, Roy M. and Lord, R. C. and Rich, Alexander},
	year         = 1965,
	journal      = {Science},
	volume       = 148,
	number       = 3678,
	pages        = {1734--1737}
}
@article{burge_quadruplex_2006,
	title        = {Quadruplex {DNA}: sequence, topology and structure},
	author       = {Burge, Sarah and Parkinson, Gary N. and Hazel, Pascale and Todd, Alan K. and Neidle, Stephen},
	year         = 2006,
	journal      = {Nucleic Acids Research},
	volume       = 34,
	number       = 19,
	pages        = {5402--5415}
}
@article{verma_many_2010,
	title        = {The {Many} {Facets} of {Adenine}: {Coordination}, {Crystal} {Patterns}, and {Catalysis}},
	author       = {Verma, Sandeep and Mishra, Ashutosh Kumar and Kumar, Jitendra},
	year         = 2010,
	journal      = {Accounts of Chemical Research},
	volume       = 43,
	number       = 1,
	pages        = {79--91}
}
@article{solie_interaction_1968,
	title        = {The interaction of nucleosides in aqueous solution},
	author       = {Solie, T.N. and Schellman, J.A.},
	year         = 1968,
	journal      = {Journal of Molecular Biology},
	volume       = 33,
	number       = 1,
	pages        = {61--77}
}
@article{schyman_exploring_2013,
	title        = {Exploring {Adsorption} of {Water} and {Ions} on {Carbon} {Surfaces} {Using} a {Polarizable} {Force} {Field}},
	author       = {Schyman, Patric and Jorgensen, William L.},
	year         = 2013,
	journal      = {The Journal of Physical Chemistry Letters},
	volume       = 4,
	number       = 3,
	pages        = {468--474}
}
@article{savelyev_all-atom_2014,
	title        = {All-atom polarizable force field for {DNA} based on the classical drude oscillator model},
	author       = {Savelyev, Alexey and MacKerell, Alexander D.},
	year         = 2014,
	journal      = {Journal of Computational Chemistry},
	volume       = 35,
	number       = 16,
	pages        = {1219--1239}
}
@article{vanommeslaeghe_charmm_2009,
	title        = {{CHARMM} general force field: {A} force field for drug-like molecules compatible with the {CHARMM} all-atom additive biological force fields},
	author       = {Vanommeslaeghe, K. and Hatcher, E. and Acharya, C. and Kundu, S. and Zhong, S. and Shim, J. and Darian, E. and Guvench, O. and Lopes, P. and Vorobyov, I. and Mackerell, A. D.},
	year         = 2009,
	journal      = {Journal of Computational Chemistry},
	pages        = {NA--NA}
}
@article{poblete_determinants_2017,
	title        = {Determinants of {Alanine} {Dipeptide} {Conformational} {Equilibria} on {Graphene} and {Hydroxylated} {Derivatives}},
	author       = {Poblete, Horacio and Miranda-Carvajal, Ingrid and Comer, Jeffrey},
	year         = 2017,
	journal      = {The Journal of Physical Chemistry B},
	volume       = 121,
	number       = 15,
	pages        = {3895--3907}
}
@article{comer_predicting_2015,
	title        = {Predicting {Adsorption} {Affinities} of {Small} {Molecules} on {Carbon} {Nanotubes} {Using} {Molecular} {Dynamics} {Simulation}},
	author       = {Comer, Jeffrey and Chen, Ran and Poblete, Horacio and Vergara-Jaque, Ariela and Riviere, Jim E.},
	year         = 2015,
	journal      = {ACS Nano},
	volume       = 9,
	number       = 12,
	pages        = {11761--11774}
}
@article{miyamoto_settle_1992,
	title        = {Settle: {An} analytical version of the {SHAKE} and {RATTLE} algorithm for rigid water models},
	author       = {Miyamoto, Shuichi and Kollman, Peter A.},
	year         = 1992,
	journal      = {Journal of Computational Chemistry},
	volume       = 13,
	number       = 8,
	pages        = {952--962}
}
@article{lamoureux_polarizable_2006,
	title        = {A polarizable model of water for molecular dynamics simulations of biomolecules},
	author       = {Lamoureux, Guillaume and Harder, Edward and Vorobyov, Igor V. and Roux, Benoît and MacKerell, Alexander D.},
	year         = 2006,
	journal      = {Chemical Physics Letters},
	volume       = 418,
	number       = {1-3},
	pages        = {245--249}
}
@article{jorgensen_comparison_1983,
	title        = {Comparison of simple potential functions for simulating liquid water},
	author       = {Jorgensen, William L. and Chandrasekhar, Jayaraman and Madura, Jeffry D. and Impey, Roger W. and Klein, Michael L.},
	year         = 1983,
	journal      = {The Journal of Chemical Physics},
	volume       = 79,
	number       = 2,
	pages        = {926--935}
}
@article{darden_particle_1993,
	title        = {Particle mesh {Ewald}: {An} {N} ⋅log({N}\vphantom{\{}\} method for {Ewald} sums in large systems},
	author       = {Darden, Tom and York, Darrin and Pedersen, Lee},
	year         = 1993,
	journal      = {The Journal of Chemical Physics},
	volume       = 98,
	number       = 12,
	pages        = {10089--10092}
}
@article{baker_development_2011,
	title        = {Development of {CHARMM} {Polarizable} {Force} {Field} for {Nucleic} {Acid} {Bases} {Based} on the {Classical} {Drude} {Oscillator} {Model}},
	author       = {Baker, Christopher M. and Anisimov, Victor M. and MacKerell, Alexander D.},
	year         = 2011,
	journal      = {The Journal of Physical Chemistry B},
	volume       = 115,
	number       = 3,
	pages        = {580--596}
}
@article{neese_orca_2012,
	title        = {The {ORCA} program system},
	author       = {Neese, Frank},
	year         = 2012,
	journal      = {WIREs Computational Molecular Science},
	volume       = 2,
	number       = 1,
	pages        = {73--78}
}
@article{prasongkit_transverse_2011,
	title = {Transverse {Conductance} of {DNA} {Nucleotides} in a {Graphene} {Nanogap} from {First} {Principles}},
	volume = {11},
	number = {5},
	journal = {Nano Lett.},
	author = {Prasongkit, Jariyanee and Grigoriev, Anton and Pathak, Biswarup and Ahuja, Rajeev and Scheicher, Ralph H.},
	year = {2011},
	pages = {1941--1945},
}

@article{prasongkit_theoretical_2015,
	title = {Theoretical assessment of feasibility to sequence {DNA} through interlayer electronic tunneling transport at aligned nanopores in bilayer graphene},
	volume = {5},
	number = {1},
	journal = {Sci Rep},
	author = {Prasongkit, Jariyanee and Feliciano, Gustavo T. and Rocha, Alexandre R. and He, Yuhui and Osotchan, Tanakorn and Ahuja, Rajeev and Scheicher, Ralph H.},
	month = dec,
	year = {2015},
	pages = {17560}
}
@article{lagerqvist_fast_2006,
	title = {Fast {DNA} {Sequencing} via {Transverse} {Electronic} {Transport}},
	volume = {6},
	language = {en},
	number = {4},
	journal = {Nano Lett.},
	author = {Lagerqvist, Johan and Zwolak, Michael and Di Ventra, Massimiliano},
	year = {2006},
	pages = {779--782},
}
@article{graf_transverse_2019,
	title = {Transverse {Detection} of {DNA} {Using} a {MoS} $_{\textrm{2}}$ {Nanopore}},
	volume = {19},
	number = {12},
	journal = {Nano Lett.},
	author = {Graf, Michael and Lihter, Martina and Altus, Damir and Marion, Sanjin and Radenovic, Aleksandra},
	year = {2019},
	pages = {9075--9083},
}
@article{nazari_transport_2020,
	title = {Transport {Phenomena} in {Nano}/{Molecular} {Confinements}},
	volume = {14},
	doi = {10.1021/acsnano.0c07372},
	number = {12},
	journal = {ACS Nano},
	author = {Nazari, Masoumeh and Davoodabadi, Ali and Huang, Dezhao and Luo, Tengfei and Ghasemi, Hadi},
	month = dec,
	year = {2020},
	pages = {16348--16391},
}
@article{karmakar_non-equilibrium_2023,
	title = {Non-{Equilibrium} {Modeling} of {Concentration}-{Driven} processes with {Constant} {Chemical} {Potential} {Molecular} {Dynamics} {Simulations}},
	volume = {56},
	number = {10},
	journal = {Acc. Chem. Res.},
	author = {Karmakar, Tarak and Finney, Aaron R. and Salvalaglio, Matteo and Yazaydin, A. Ozgur and Perego, Claudio},
	year = {2023},
	pages = {1156--1167},
}
@article{ortmann_attracted_2005,
	title        = {Attracted by {Long}-{Range} {Electron} {Correlation}: {Adenine} on {Graphite}},
	author       = {Ortmann, F. and Schmidt, W. G. and Bechstedt, F.},
	year         = 2005,
	journal      = {Physical Review Letters},
	volume       = 95,
	number       = 18,
	pages        = {186101--186101}
}
@article{varghese_binding_2009,
	title        = {Binding of {DNA} {Nucleobases} and {Nucleosides} with {Graphene}},
	author       = {Varghese, Neenu and Mogera, Umesha and Govindaraj, Achutharao and Das, Anindya and Maiti, Prabal K. and Sood, Ajay K. and Rao, C. N. R.},
	year         = 2009,
	journal      = {ChemPhysChem},
	volume       = 10,
	number       = 1,
	pages        = {206--210}
}
@article{lee_physisorption_2013,
	title        = {Physisorption of {DNA} {Nucleobases} on {\textbackslash}textit\{h\}-{BN} and {Graphene}: {vdW}-{Corrected} {DFT} {Calculations}},
	author       = {Lee, Jun-Ho and Choi, Yun-Ki and Kim, Hyun-Jung and Scheicher, Ralph H. and Cho, Jun-Hyung},
	year         = 2013,
	journal      = {The Journal of Physical Chemistry C},
	volume       = 117,
	number       = 26,
	pages        = {13435--13441}
}
@article{umadevi_noncovalent_2014,
	title        = {Noncovalent {Interaction} of {Carbon} {Nanostructures}},
	author       = {Umadevi, Deivasigamani and Panigrahi, Swati and Sastry, Garikapati Narahari},
	year         = 2014,
	journal      = {Accounts of Chemical Research},
	volume       = 47,
	number       = 8,
	pages        = {2574--2581}
}
@article{gowtham_physisorption_2007,
	title        = {Physisorption of nucleobases on graphene: {Density}-functional calculations},
	author       = {Gowtham, S. and Scheicher, Ralph H. and Ahuja, Rajeev and Pandey, Ravindra and Karna, Shashi P.},
	year         = 2007,
	journal      = {Physical Review B},
	volume       = 76,
	number       = 3,
	pages        = {033401--033401}
}
@article{cho_noncovalent_2013,
	title        = {Noncovalent {Interactions} of {DNA} {Bases} with {Naphthalene} and {Graphene}},
	author       = {Cho, Yeonchoo and Min, Seung Kyu and Yun, Jeonghun and Kim, Woo Youn and Tkatchenko, Alexandre and Kim, Kwang S.},
	year         = 2013,
	journal      = {Journal of Chemical Theory and Computation},
	volume       = 9,
	number       = 4,
	pages        = {2090--2096}
}
@article{umadevi_quantum_2011,
	title        = {Quantum {Mechanical} {Study} of {Physisorption} of {Nucleobases} on {Carbon} {Materials}: {Graphene} versus {Carbon} {Nanotubes}},
	author       = {Umadevi, Deivasigamani and Sastry, G. Narahari},
	year         = 2011,
	journal      = {The Journal of Physical Chemistry Letters},
	volume       = 2,
	number       = 13,
	pages        = {1572--1576}
}
@article{schneider_tailoring_2013,
	title        = {Tailoring the hydrophobicity of graphene for its use as nanopores for {DNA} translocation},
	author       = {Schneider, Grégory F. and Xu, Qiang and Hage, Susanne and Luik, Stephanie and Spoor, Johannes N. H. and Malladi, Sairam and Zandbergen, Henny and Dekker, Cees},
	year         = 2013,
	journal      = {Nature Communications},
	volume       = 4,
	number       = 1,
	pages        = {2619--2619}
}
@article{dontschuk_graphene_2015,
	title        = {A graphene field-effect transistor as a molecule-specific probe of {DNA} nucleobases},
	author       = {Dontschuk, Nikolai and Stacey, Alastair and Tadich, Anton and Rietwyk, Kevin J. and Schenk, Alex and Edmonds, Mark T. and Shimoni, Olga and Pakes, Chris I. and Prawer, Steven and Cervenka, Jiri},
	year         = 2015,
	journal      = {Nature Communications},
	volume       = 6,
	number       = 1,
	pages        = {6563--6563}
}
@article{wells_assessing_2012,
	title        = {Assessing {Graphene} {Nanopores} for {Sequencing} {DNA}},
	author       = {Wells, David B. and Belkin, Maxim and Comer, Jeffrey and Aksimentiev, Aleksei},
	year         = 2012,
	journal      = {Nano Letters},
	volume       = 12,
	number       = 8,
	pages        = {4117--4123}
}
@article{heerema_graphene_2016,
	title        = {Graphene nanodevices for {DNA} sequencing},
	author       = {Heerema, Stephanie J. and Dekker, Cees},
	year         = 2016,
	journal      = {Nature Nanotechnology},
	volume       = 11,
	number       = 2,
	pages        = {127--136}
}
@incollection{chiorcea_afm_2005,
	title        = {{AFM} of {Guanine} {Adsorbed} on {HOPG} under {Electrochemical} {Control}},
	author       = {Chiorcea, A.-M. and Oliveira Brett, A.M.},
	year         = 2005,
	booktitle    = {Scanning {Probe} {Microscopy}: {Characterization}, {Nanofabrication} and {Device} {Application} of {Functional} {Materials}},
	publisher    = {Kluwer Academic Publishers},
	address      = {Dordrecht},
	pages        = {467--473},
	editor       = {Vilarinho, Paula Maria and Rosenwaks, Yossi and Kingon, Angus}
}
@article{andrews_modification_2010,
	title        = {Modification of {Ag}(111) surface electronic structure via weak molecular adsorption of adenine measured with low temperature scanning tunneling microscopy and spectroscopy},
	author       = {Andrews, Katie M. and Pearl, Thomas P.},
	year         = 2010,
	journal      = {The Journal of Chemical Physics},
	volume       = 132,
	number       = 21,
	pages        = {214701--214701}
}
@article{akinwande_large-area_2015,
	title        = {Large-{Area} {Graphene} {Electrodes}: {Using} {CVD} to facilitate applications in commercial touchscreens, flexible nanoelectronics, and neural interfaces},
	author       = {Akinwande, Deji and Tao, Li and Yu, Qingkai and Lou, Xiaojing and Peng, Peng and Kuzum, Duygu},
	year         = 2015,
	journal      = {IEEE Nanotechnology Magazine},
	volume       = 9,
	number       = 3,
	pages        = {6--14}
}
@article{lalwani_two-dimensional_2013,
	title        = {Two-{Dimensional} {Nanostructure}-{Reinforced} {Biodegradable} {Polymeric} {Nanocomposites} for {Bone} {Tissue} {Engineering}},
	author       = {Lalwani, Gaurav and Henslee, Allan M. and Farshid, Behzad and Lin, Liangjun and Kasper, F. Kurtis and Qin, Yi-Xian and Mikos, Antonios G. and Sitharaman, Balaji},
	year         = 2013,
	journal      = {Biomacromolecules},
	volume       = 14,
	number       = 3,
	pages        = {900--909}
}
@article{geim_rise_2007,
	title        = {The rise of graphene},
	author       = {Geim, A. K. and Novoselov, K. S.},
	year         = 2007,
	journal      = {Nature Materials},
	volume       = 6,
	number       = 3,
	pages        = {183--191}
}
@article{geim_graphene_2009,
	title        = {Graphene: {Status} and {Prospects}},
	author       = {Geim, A. K.},
	year         = 2009,
	journal      = {Science},
	volume       = 324,
	number       = 5934,
	pages        = {1530--1534}
}
@article{xiaozhen_dft_2022,
	title        = {{DFT} study of common anions adsorption at graphene surface due to anion-π interaction},
	author       = {Xiaozhen, Fan and Xing, Liu and Zhenglin, He and Kaiyuan, Zhu and Guosheng, Shi},
	year         = 2022,
	journal      = {Journal of Molecular Modeling},
	volume       = 28,
	number       = 8,
	pages        = {1--9},
	keywords     = {Anion-π interaction, DFT, Graphene}
}
@article{giani_long_2020,
	title        = {Long walk to genomics: {History} and current approaches to genome sequencing and assembly},
	author       = {Giani, Alice Maria and Gallo, Guido Roberto and Gianfranceschi, Luca and Formenti, Giulio},
	year         = 2020,
	journal      = {Computational and Structural Biotechnology Journal},
	volume       = 18,
	pages        = {9--19}
}
@incollection{verma_genome_2017,
	title        = {Genome {Sequencing}},
	author       = {Verma, Mansi and Kulshrestha, Samarth and Puri, Ayush},
	year         = 2017,
	pages        = {3--33}
}
@article{pareek_sequencing_2011,
	title        = {Sequencing technologies and genome sequencing},
	author       = {Pareek, Chandra Shekhar and Smoczynski, Rafal and Tretyn, Andrzej},
	year         = 2011,
	journal      = {Journal of Applied Genetics},
	volume       = 52,
	number       = 4,
	pages        = {413--435}
}
@article{ross_whole_2011,
	title        = {Whole {Cancer} {Genome} {Sequencing} by {Next}-{Generation} {Methods}},
	author       = {Ross, Jeffrey S. and Cronin, Maureen},
	year         = 2011,
	journal      = {American Journal of Clinical Pathology},
	volume       = 136,
	number       = 4,
	pages        = {527--539}
}
@article{smith_whole-exome_2016,
	title        = {Whole-{Exome} {Sequencing} and {Whole}-{Genome} {Sequencing} in {Critically} {Ill} {Neonates} {Suspected} to {Have} {Single}-{Gene} {Disorders}},
	author       = {Smith, Laurie D. and Willig, Laurel K. and Kingsmore, Stephen F.},
	year         = 2016,
	journal      = {Cold Spring Harbor Perspectives in Medicine},
	volume       = 6,
	number       = 2,
	pages        = {a023168--a023168}
}
@article{saunders_rapid_2012,
	title        = {Rapid {Whole}-{Genome} {Sequencing} for {Genetic} {Disease} {Diagnosis} in {Neonatal} {Intensive} {Care} {Units}},
	author       = {Saunders, Carol Jean and Miller, Neil Andrew and Soden, Sarah Elizabeth and Dinwiddie, Darrell Lee and Noll, Aaron and Alnadi, Noor Abu and Andraws, Nevene and Patterson, Melanie LeAnn and Krivohlavek, Lisa Ann and Fellis, Joel and Humphray, Sean and Saffrey, Peter and Kingsbury, Zoya and Weir, Jacqueline Claire and Betley, Jason and Grocock, Russell James and Margulies, Elliott Harrison and Farrow, Emily Gwendolyn and Artman, Michael and Safina, Nicole Pauline and Petrikin, Joshua Erin and Hall, Kevin Peter and Kingsmore, Stephen Francis},
	year         = 2012,
	journal      = {Science Translational Medicine},
	volume       = 4,
	number       = 154
}
@article{dewey_clinical_2014,
	title        = {Clinical {Interpretation} and {Implications} of {Whole}-{Genome} {Sequencing}},
	author       = {Dewey, Frederick E. and Grove, Megan E. and Pan, Cuiping and Goldstein, Benjamin A. and Bernstein, Jonathan A. and Chaib, Hassan and Merker, Jason D. and Goldfeder, Rachel L. and Enns, Gregory M. and David, Sean P. and Pakdaman, Neda and Ormond, Kelly E. and Caleshu, Colleen and Kingham, Kerry and Klein, Teri E. and Whirl-Carrillo, Michelle and Sakamoto, Kenneth and Wheeler, Matthew T. and Butte, Atul J. and Ford, James M. and Boxer, Linda and Ioannidis, John P. A. and Yeung, Alan C. and Altman, Russ B. and Assimes, Themistocles L. and Snyder, Michael and Ashley, Euan A. and Quertermous, Thomas},
	year         = 2014,
	journal      = {JAMA},
	volume       = 311,
	number       = 10,
	pages        = {1035--1035}
}
@article{van_el_whole-genome_2013,
	title        = {Whole-genome sequencing in health care},
	author       = {van El, Carla G and Cornel, Martina C and Borry, Pascal and Hastings, Ros J and Fellmann, Florence and Hodgson, Shirley V and Howard, Heidi C and Cambon-Thomsen, Anne and Knoppers, Bartha M and Meijers-Heijboer, Hanne and Scheffer, Hans and Tranebjaerg, Lisbeth and Dondorp, Wybo and de Wert, Guido M W R},
	year         = 2013,
	journal      = {European Journal of Human Genetics},
	volume       = 21,
	number       = 6,
	pages        = {580--584}
}
@article{chen_next-generation_2021,
	title        = {Next-{Generation} {Sequencing} {Reveals} the {Progression} of {COVID}-19},
	author       = {Chen, Xiaomin and Kang, Yutong and Luo, Jing and Pang, Kun and Xu, Xin and Wu, Jinyu and Li, Xiaokun and Jin, Shengwei},
	year         = 2021,
	journal      = {Frontiers in Cellular and Infection Microbiology},
	volume       = 11
}
@article{wang_sars-cov-2_2020,
	title        = {{SARS}-{CoV}-2: {Structure}, {Biology}, and {Structure}-{Based} {Therapeutics} {Development}},
	author       = {Wang, Mei-Yue and Zhao, Rong and Gao, Li-Juan and Gao, Xue-Fei and Wang, De-Ping and Cao, Ji-Min},
	year         = 2020,
	journal      = {Frontiers in Cellular and Infection Microbiology},
	volume       = 10
}
@article{hanahan_hallmarks_2000,
	title        = {The {Hallmarks} of {Cancer}},
	author       = {Hanahan, Douglas and Weinberg, Robert A},
	year         = 2000,
	journal      = {Cell},
	volume       = 100,
	number       = 1,
	pages        = {57--70}
}
@article{rajagopalan_significance_2003,
	title        = {The significance of unstable chromosomes in colorectal cancer},
	author       = {Rajagopalan, Harith and Nowak, Martin A. and Vogelstein, Bert and Lengauer, Christoph},
	year         = 2003,
	journal      = {Nature Reviews Cancer},
	volume       = 3,
	number       = 9,
	pages        = {695--701}
}
@article{shendure_advanced_2004,
	title        = {Advanced sequencing technologies: methods and goals},
	author       = {Shendure, Jay and Mitra, Robi D. and Varma, Chris and Church, George M.},
	year         = 2004,
	journal      = {Nature Reviews Genetics},
	volume       = 5,
	number       = 5,
	pages        = {335--344}
}
@article{li_ion-beam_2001,
	title        = {Ion-beam sculpting at nanometre length scales},
	author       = {Li, Jiali and Stein, Derek and McMullan, Ciaran and Branton, Daniel and Aziz, Michael J. and Golovchenko, Jene A.},
	year         = 2001,
	journal      = {Nature},
	volume       = 412,
	number       = 6843,
	pages        = {166--169}
}
@article{storm_fabrication_2003,
	title        = {Fabrication of solid-state nanopores with single-nanometre precision},
	author       = {Storm, A. J. and Chen, J. H. and Ling, X. S. and Zandbergen, H. W. and Dekker, C.},
	year         = 2003,
	journal      = {Nature Mater},
	volume       = 2,
	number       = 8,
	pages        = {537--540}
}
@article{gilboa_optically-monitored_2018,
	title        = {Optically-{Monitored} {Nanopore} {Fabrication} {Using} a {Focused} {Laser} {Beam}},
	author       = {Gilboa, Tal and Zrehen, Adam and Girsault, Arik and Meller, Amit},
	year         = 2018,
	journal      = {Sci Rep},
	volume       = 8,
	number       = 1,
	pages        = 9765
}
@article{yamazaki_photothermally_2018,
	title        = {Photothermally {Assisted} {Thinning} of {Silicon} {Nitride} {Membranes} for {Ultrathin} {Asymmetric} {Nanopores}},
	author       = {Yamazaki, Hirohito and Hu, Rui and Zhao, Qing and Wanunu, Meni},
	year         = 2018,
	journal      = {ACS Nano},
	volume       = 12,
	number       = 12,
	pages        = {12472--12481}
}
@article{kwok_nanopore_2014,
	title        = {Nanopore {Fabrication} by {Controlled} {Dielectric} {Breakdown}},
	author       = {Kwok, Harold and Briggs, Kyle and Tabard-Cossa, Vincent},
	year         = 2014,
	journal      = {PLoS ONE},
	volume       = 9,
	number       = 3,
	pages        = {e92880},
	editor       = {Hall, Adam}
}
@article{waugh_solid-state_2020,
	title        = {Solid-state nanopore fabrication by automated controlled breakdown},
	author       = {Waugh, Matthew and Briggs, Kyle and Gunn, Dylan and Gibeault, Mathieu and King, Simon and Ingram, Quinn and Jimenez, Aura Melissa and Berryman, Samuel and Lomovtsev, Dmytro and Andrzejewski, Lukasz and Tabard-Cossa, Vincent},
	year         = 2020,
	journal      = {Nat Protoc},
	volume       = 15,
	number       = 1,
	pages        = {122--143}
}
@article{bansal_nuparm_1995,
	title        = {{NUPARM} and {NUCGEN}: software for analysis and generation of sequence dependent nucleic acid structures},
	author       = {Bansal, M. and Bhattacharyya, D. and Ravi, B.},
	year         = 1995,
	journal      = {Bioinformatics},
	volume       = 11,
	number       = 3,
	pages        = {281--287}
}
@article{storm_translocation_2005,
	title        = {Translocation of double-strand {DNA} through a silicon oxide nanopore},
	author       = {Storm, A. J. and Chen, J. H. and Zandbergen, H. W. and Dekker, C.},
	year         = 2005,
	journal      = {Phys. Rev. E},
	volume       = 71,
	number       = 5,
	pages        = {051903}
}
@article{li_dna_2003,
	title        = {{DNA} molecules and configurations in a solid-state nanopore microscope},
	author       = {Li, Jiali and Gershow, Marc and Stein, Derek and Brandin, Eric and Golovchenko, J. A.},
	year         = 2003,
	journal      = {Nature Mater},
	volume       = 2,
	number       = 9,
	pages        = {611--615}
}
@article{garaj_graphene_2010,
	title        = {Graphene as a subnanometre trans-electrode membrane},
	author       = {Garaj, S. and Hubbard, W. and Reina, A. and Kong, J. and Branton, D. and Golovchenko, J. A.},
	year         = 2010,
	journal      = {Nature},
	volume       = 467,
	number       = 7312,
	pages        = {190--193}
}
@article{schneider_dna_2010,
	title        = {{DNA} {Translocation} through {Graphene} {Nanopores}},
	author       = {Schneider, Grégory F. and Kowalczyk, Stefan W. and Calado, Victor E. and Pandraud, Grégory and Zandbergen, Henny W. and Vandersypen, Lieven M. K. and Dekker, Cees},
	year         = 2010,
	journal      = {Nano Lett.},
	volume       = 10,
	number       = 8,
	pages        = {3163--3167}
}
@article{yuan_solid-state_2018,
	title        = {Solid-{State} {Nanopore}},
	author       = {Yuan, Zhishan and Wang, Chengyong and Yi, Xin and Ni, Zhonghua and Chen, Yunfei and Li, Tie},
	year         = 2018,
	journal      = {Nanoscale Res Lett},
	volume       = 13,
	number       = 1,
	pages        = 56
}
@article{xue_solid-state_2020,
	title        = {Solid-state nanopore sensors},
	author       = {Xue, Liang and Yamazaki, Hirohito and Ren, Ren and Wanunu, Meni and Ivanov, Aleksandar P. and Edel, Joshua B.},
	year         = 2020,
	journal      = {Nat Rev Mater},
	volume       = 5,
	number       = 12,
	pages        = {931--951}
}
@article{qiu_nanopores_2021,
	title        = {Nanopores in {Graphene} and {Other} {2D} {Materials}: {A} {Decade}’s {Journey} toward {Sequencing}},
	author       = {Qiu, Hu and Zhou, Wanqi and Guo, Wanlin},
	year         = 2021,
	journal      = {ACS Nano},
	volume       = 15,
	number       = 12,
	pages        = {18848--18864}
}
@article{venkatesan_nanopore_2011,
	title        = {Nanopore sensors for nucleic acid analysis},
	author       = {Venkatesan, Bala Murali and Bashir, Rashid},
	year         = 2011,
	journal      = {Nature Nanotech},
	volume       = 6,
	number       = 10,
	pages        = {615--624}
}
@article{deamer_three_2016,
	title        = {Three decades of nanopore sequencing},
	author       = {Deamer, David and Akeson, Mark and Branton, Daniel},
	year         = 2016,
	journal      = {Nat Biotechnol},
	volume       = 34,
	number       = 5,
	pages        = {518--524}
}
@article{hu_biological_2021,
	title        = {Biological {Nanopore} {Approach} for {Single}‐{Molecule} {Protein} {Sequencing}},
	author       = {Hu, Zheng‐Li and Huo, Ming‐Zhu and Ying, Yi‐Lun and Long, Yi‐Tao},
	year         = 2021,
	journal      = {Angew. Chem. Int. Ed.},
	volume       = 60,
	number       = 27,
	pages        = {14738--14749}
}
@article{bayley_nanopore_2015,
	title        = {Nanopore {Sequencing}: {From} {Imagination} to {Reality}},
	author       = {Bayley, Hagan},
	year         = 2015,
	journal      = {Clinical Chemistry},
	volume       = 61,
	number       = 1,
	pages        = {25--31}
}
@article{jo_charmm-gui_2008,
	title        = {{CHARMM}-{GUI}: {A} web-based graphical user interface for {CHARMM}},
	author       = {Jo, Sunhwan and Kim, Taehoon and Iyer, Vidyashankara G. and Im, Wonpil},
	year         = 2008,
	journal      = {J. Comput. Chem.},
	volume       = 29,
	number       = 11,
	pages        = {1859--1865}
}
@article{kognole_charmmgui_2022,
	title        = {{CHARMM}‐{GUI} {Drude} prepper for molecular dynamics simulation using the classical {Drude} polarizable force field},
	author       = {Kognole, Abhishek A. and Lee, Jumin and Park, Sang‐Jun and Jo, Sunhwan and Chatterjee, Payal and Lemkul, Justin A. and Huang, Jing and MacKerell, Alexander D. and Im, Wonpil},
	year         = 2022,
	journal      = {J Comput Chem},
	volume       = 43,
	number       = 5,
	pages        = {359--375}
}
@article{sanger_dna_1977,
	title        = {{DNA} sequencing with chain-terminating inhibitors},
	author       = {Sanger, F. and Nicklen, S. and Coulson, A. R.},
	year         = 1977,
	journal      = {Proc. Natl. Acad. Sci. U.S.A.},
	volume       = 74,
	number       = 12,
	pages        = {5463--5467}
}
@article{daniels_sanger_2021,
	title        = {A {Sanger} sequencing protocol for {SARS}‐{CoV}‐2 {S}‐gene},
	author       = {Daniels, Rodney S. and Harvey, Ruth and Ermetal, Burcu and Xiang, Zheng and Galiano, Monica and Adams, Lorin and McCauley, John W.},
	year         = 2021,
	journal      = {Influenza Resp Viruses},
	volume       = 15,
	number       = 6,
	pages        = {707--710}
}
@article{sanches_recent_2021,
	title        = {Recent advances in {SARS}-{CoV}-2 {Spike} protein and {RBD} mutations comparison between new variants {Alpha} ({B}.1.1.7, {United} {Kingdom}), {Beta} ({B}.1.351, {South} {Africa}), {Gamma} ({P}.1, {Brazil}) and {Delta} ({B}.1.617.2, {India})},
	author       = {Sanches, Paulo R.S. and Charlie-Silva, Ives and Braz, Helyson L.B. and Bittar, Cíntia and Freitas Calmon, Marilia and Rahal, Paula and Cilli, Eduardo M.},
	year         = 2021,
	journal      = {Journal of Virus Eradication},
	volume       = 7,
	number       = 3,
	pages        = 100054
}
@article{smith_fluorescence_1986,
	title        = {Fluorescence detection in automated {DNA} sequence analysis},
	author       = {Smith, Lloyd M. and Sanders, Jane Z. and Kaiser, Robert J. and Hughes, Peter and Dodd, Chris and Connell, Charles R. and Heiner, Cheryl and Kent, Stephen B. H. and Hood, Leroy E.},
	year         = 1986,
	journal      = {Nature},
	volume       = 321,
	number       = 6071,
	pages        = {674--679}
}
@article{vasudevan_adsorption_2012,
	title        = {The adsorption of phosphate by graphene from aqueous solution},
	author       = {Vasudevan, Subramanyan and Lakshmi, Jothinathan},
	year         = 2012,
	journal      = {RSC Adv.},
	volume       = 2,
	number       = 12,
	pages        = 5234
}
@article{h_capturing_2023,
	title        = {Capturing charge and size effects of ions at the graphene–electrolyte interface using polarizable force field simulations},
	author       = {H., Hemanth and Mewada, Rohan and Mallajosyula, Sairam S.},
	year         = 2023,
	journal      = {Nanoscale Adv.},
	volume       = 5,
	number       = 3,
	pages        = {796--804}
}
@article{wang_initial_2020,
	title        = {Initial whole-genome sequencing and analysis of the host genetic contribution to {COVID}-19 severity and susceptibility},
	author       = {Wang, Fang and Huang, Shujia and Gao, Rongsui and Zhou, Yuwen and Lai, Changxiang and Li, Zhichao and Xian, Wenjie and Qian, Xiaobo and Li, Zhiyu and Huang, Yushan and Tang, Qiyuan and Liu, Panhong and Chen, Ruikun and Liu, Rong and Li, Xuan and Tong, Xin and Zhou, Xuan and Bai, Yong and Duan, Gang and Zhang, Tao and Xu, Xun and Wang, Jian and Yang, Huanming and Liu, Siyang and He, Qing and Jin, Xin and Liu, Lei},
	year         = 2020,
	journal      = {Cell Discov},
	volume       = 6,
	number       = 1,
	pages        = 83
}
@article{abubaker_bagabir_covid-19_2022,
	title        = {Covid-19 and {Artificial} {Intelligence}: {Genome} sequencing, drug development and vaccine discovery},
	author       = {Abubaker Bagabir, Sali and Ibrahim, Nahla Khamis and Abubaker Bagabir, Hala and Hashem Ateeq, Raghdah},
	year         = 2022,
	journal      = {Journal of Infection and Public Health},
	volume       = 15,
	number       = 2,
	pages        = {289--296}
}
@article{iliafar_quantifying_2012,
	title        = {Quantifying {Interactions} between {DNA} {Oligomers} and {Graphite} {Surface} {Using} {Single} {Molecule} {Force} {Spectroscopy}},
	author       = {Iliafar, Sara and Wagner, Kyle and Manohar, Suresh and Jagota, Anand and Vezenov, Dmitri},
	year         = 2012,
	journal      = {J. Phys. Chem. C},
	volume       = 116,
	number       = 26,
	pages        = {13896--13903}
}
@article{manohar_peeling_2008,
	title        = {Peeling {Single}-{Stranded} {DNA} from {Graphite} {Surface} to {Determine} {Oligonucleotide} {Binding} {Energy} by {Force} {Spectroscopy}},
	author       = {Manohar, Suresh and Mantz, Amber R. and Bancroft, Kevin E. and Hui, Chung-Yuen and Jagota, Anand and Vezenov, Dmitri V.},
	year         = 2008,
	journal      = {Nano Lett.},
	volume       = 8,
	number       = 12,
	pages        = {4365--4372}
}
@article{subbiahdoss_antifouling_2019,
	title        = {Antifouling properties of layer by layer {DNA} coatings},
	author       = {Subbiahdoss, Guruprakash and Zeng, Guanghong and Aslan, Hüsnü and Ege Friis, Jakob and Iruthayaraj, Joseph and Zelikin, Alexander N. and Meyer, Rikke Louise},
	year         = 2019,
	journal      = {Biofouling},
	volume       = 35,
	number       = 1,
	pages        = {75--88}
}
@article{mandler_self-assembled_2011,
	title        = {Self-assembled monolayers ({SAMs}) for electrochemical sensing},
	author       = {Mandler, Daniel and Kraus-Ophir, Shlomit},
	year         = 2011,
	journal      = {J Solid State Electrochem},
	volume       = 15,
	number       = {7-8},
	pages        = {1535--1558}
}
@article{minami_organic_2021,
	title        = {Organic transistor-based chemical sensors with self-assembled monolayers},
	author       = {Minami, Tsuyoshi},
	year         = 2021,
	journal      = {J Incl Phenom Macrocycl Chem},
	volume       = 101,
	number       = {1-2},
	pages        = {1--18}
}
@article{kochana_study_2019,
	title        = {Study on self-assembled monolayer of functionalized thiol on gold electrode forming capacitive sensor for chromium({VI}) determination},
	author       = {Kochana, Jolanta and Starzec, Karolina and Wieczorek, Marcin and Knihnicki, Paweł and Góra, Maciej and Rokicińska, Anna and Kościelniak, Paweł and Kuśtrowski, Piotr},
	year         = 2019,
	journal      = {J Solid State Electrochem},
	volume       = 23,
	number       = 5,
	pages        = {1463--1472}
}
@article{merchant_dna_2010,
	title        = {{DNA} {Translocation} through {Graphene} {Nanopores}},
	author       = {Merchant, Christopher A. and Healy, Ken and Wanunu, Meni and Ray, Vishva and Peterman, Neil and Bartel, John and Fischbein, Michael D. and Venta, Kimberly and Luo, Zhengtang and Johnson, A. T. Charlie and Drndić, Marija},
	year         = 2010,
	journal      = {Nano Lett.},
	volume       = 10,
	number       = 8,
	pages        = {2915--2921}
}
@article{garaj_molecule-hugging_2013,
	title        = {Molecule-hugging graphene nanopores},
	author       = {Garaj, Slaven and Liu, Song and Golovchenko, Jene A. and Branton, Daniel},
	year         = 2013,
	journal      = {Proc. Natl. Acad. Sci. U.S.A.},
	volume       = 110,
	number       = 30,
	pages        = {12192--12196}
}
@article{antony_structures_2008,
	title        = {Structures and interaction energies of stacked graphene – nucleobase complexes},
	author       = {Antony, Jens and Grimme, Stefan},
	year         = 2008,
	journal      = {Physical Chemistry Chemical Physics},
	volume       = 10,
	number       = 19,
	pages        = {2722--2729},
}
@article{akca_competing_2011,
	title        = {Competing {Interactions} in {DNA} {Assembly} on {Graphene}},
	author       = {Akca, Saliha and Foroughi, Ashkan and Frochtzwajg, Daniel and Postma, Henk W. Ch},
	year         = 2011,
	journal      = {PLOS ONE},
	volume       = 6,
	number       = 4,
	pages        = {e18442},
	keywords     = {Graphene, Atomic force microscopy, Carbon nanotubes, Graphite, Guanine, Hydrogen bonding, Purines, Pyrimidines}
}
@article{wu_adsorption_2011,
	title        = {Adsorption and {Desorption} of {DNA} on {Graphene} {Oxide} {Studied} by {Fluorescently} {Labeled} {Oligonucleotides}},
	author       = {Wu, Marissa and Kempaiah, Ravindra and Huang, Po-Jung Jimmy and Maheshwari, Vivek and Liu, Juewen},
	year         = 2011,
	journal      = {Langmuir},
	volume       = 27,
	number       = 6,
	pages        = {2731--2738}
}
@book{unesco_nature-based_2018,
	title        = {Nature-based solutions for water},
	year         = 2018,
	publisher    = {UNESCO},
	address      = {Paris},
	series       = {The {United} {Nations} world water development report},
	number       = 2018,
	isbn         = {978-92-3-100264-9},
	editor       = {Unesco}
}
@article{devanathan_energy_2017,
	title        = {Energy penalty for excess baggage},
	author       = {Devanathan, Ram},
	year         = 2017,
	journal      = {Nature Nanotech},
	volume       = 12,
	number       = 6,
	pages        = {500--501}
}
@article{blake_graphene-based_2008,
	title        = {Graphene-{Based} {Liquid} {Crystal} {Device}},
	author       = {Blake, Peter and Brimicombe, Paul D. and Nair, Rahul R. and Booth, Tim J. and Jiang, Da and Schedin, Fred and Ponomarenko, Leonid A. and Morozov, Sergey V. and Gleeson, Helen F. and Hill, Ernie W. and Geim, Andre K. and Novoselov, Kostya S.},
	year         = 2008,
	journal      = {Nano Lett.},
	volume       = 8,
	number       = 6,
	pages        = {1704--1708}
}
@article{novoselov_two-dimensional_2005,
	title        = {Two-dimensional atomic crystals},
	author       = {Novoselov, K. S. and Jiang, D. and Schedin, F. and Booth, T. J. and Khotkevich, V. V. and Morozov, S. V. and Geim, A. K.},
	year         = 2005,
	journal      = {Proc. Natl. Acad. Sci. U.S.A.},
	volume       = 102,
	number       = 30,
	pages        = {10451--10453}
}
@article{mayer_biological_2022,
	title        = {Biological nanopores for single-molecule sensing},
	author       = {Mayer, Simon Finn and Cao, Chan and Dal Peraro, Matteo},
	year         = 2022,
	journal      = {iScience},
	volume       = 25,
	number       = 4,
	pages        = 104145
}
@article{tyagi_revealing_2019,
	title        = {Revealing the mechanism of {DNA} passing through graphene and boron nitride nanopores},
	author       = {Tyagi, Abhishek and Chu, Kelvin and Hossain, Md Delowar and Abidi, Irfan Haider and Lin, Weiyuan and Yan, Yuwei and Zhang, Kai and Luo, Zhengtang},
	year         = 2019,
	journal      = {Nanoscale},
	volume       = 11,
	number       = 48,
	pages        = {23438--23448}
}
@article{kondrat_theory_2023,
	title        = {Theory and {Simulations} of {Ionic} {Liquids} in {Nanoconfinement}},
	author       = {Kondrat, Svyatoslav and Feng, Guang and Bresme, Fernando and Urbakh, Michael and Kornyshev, Alexei A.},
	year         = 2023,
	journal      = {Chem. Rev.},
	volume       = 123,
	number       = 10,
	pages        = {6668--6715}
}
@article{siepmann_influence_1995,
	title        = {Influence of surface topology and electrostatic potential on water/electrode systems},
	author       = {Siepmann, J. Ilja and Sprik, Michiel},
	year         = 1995,
	journal      = {The Journal of Chemical Physics},
	volume       = 102,
	number       = 1,
	pages        = {511--524}
}
@article{geada_insight_2018,
	title        = {Insight into induced charges at metal surfaces and biointerfaces using a polarizable {Lennard}–{Jones} potential},
	author       = {Geada, Isidro Lorenzo and Ramezani-Dakhel, Hadi and Jamil, Tariq and Sulpizi, Marialore and Heinz, Hendrik},
	year         = 2018,
	journal      = {Nat Commun},
	volume       = 9,
	number       = 1,
	pages        = 716
}
@article{ho_polarizability_2013,
	title        = {Polarizability effects in molecular dynamics simulations of the graphene-water interface},
	author       = {Ho, Tuan A. and Striolo, Alberto},
	year         = 2013,
	journal      = {The Journal of Chemical Physics},
	volume       = 138,
	number       = 5,
	pages        = {054117}
}
@article{misra_insights_2017,
	title        = {Insights on the {Role} of {Many}-{Body} {Polarization} {Effects} in the {Wetting} of {Graphitic} {Surfaces} by {Water}},
	author       = {Misra, Rahul Prasanna and Blankschtein, Daniel},
	year         = 2017,
	journal      = {J. Phys. Chem. C},
	volume       = 121,
	number       = 50,
	pages        = {28166--28179}
}
@article{prajapati_computational_2020,
	title        = {Computational {Modeling} of {Ion} {Transport} in {Bulk} and through a {Nanopore} {Using} the {Drude} {Polarizable} {Force} {Field}},
	author       = {Prajapati, Jigneshkumar Dahyabhai and Mele, Crystal and Aksoyoglu, Mehmet Alphan and Winterhalter, Mathias and Kleinekathöfer, Ulrich},
	year         = 2020,
	journal      = {J. Chem. Inf. Model.},
	volume       = 60,
	number       = 6,
	pages        = {3188--3203}
}
@article{beglov_finite_1994,
	title        = {Finite representation of an infinite bulk system: {Solvent} boundary potential for computer simulations},
	author       = {Beglov, Dmitrii and Roux, Benoît},
	year         = 1994,
	journal      = {The Journal of Chemical Physics},
	volume       = 100,
	number       = 12,
	pages        = {9050--9063}
}
@article{li_full_2023,
	title        = {The {Full} {Cytosine}‐{Cytosine} {Base} {Paring}: {Self}‐{Assembly} and {Crystal} {Structure}},
	author       = {Li, Zhongkui and Song, Wenjing and Zhu, Yanhong and Yan, Li and Zhong, Xue and Zhang, Menglei and Li, Hui},
	year         = 2023,
	journal      = {Chemistry A European J},
	volume       = 29,
	number       = 24,
	pages        = {e202203979}
}
@article{prasongkit_transverse_2011,
	title        = {Transverse {Conductance} of {DNA} {Nucleotides} in a {Graphene} {Nanogap} from {First} {Principles}},
	author       = {Prasongkit, Jariyanee and Grigoriev, Anton and Pathak, Biswarup and Ahuja, Rajeev and Scheicher, Ralph H.},
	year         = 2011,
	journal      = {Nano Lett.},
	volume       = 11,
	number       = 5,
	pages        = {1941--1945}
}
@article{wang_transparent_2008,
	title        = {Transparent, {Conductive} {Graphene} {Electrodes} for {Dye}-{Sensitized} {Solar} {Cells}},
	author       = {Wang, Xuan and Zhi, Linjie and Müllen, Klaus},
	year         = 2008,
	journal      = {Nano Lett.},
	volume       = 8,
	number       = 1,
	pages        = {323--327}
}
@article{sun_graphene_2010,
	title        = {Graphene {Mode}-{Locked} {Ultrafast} {Laser}},
	author       = {Sun, Zhipei and Hasan, Tawfique and Torrisi, Felice and Popa, Daniel and Privitera, Giulia and Wang, Fengqiu and Bonaccorso, Francesco and Basko, Denis M. and Ferrari, Andrea C.},
	year         = 2010,
	journal      = {ACS Nano},
	volume       = 4,
	number       = 2,
	pages        = {803--810}
}
@article{booth_macroscopic_2008,
	title        = {Macroscopic {Graphene} {Membranes} and {Their} {Extraordinary} {Stiffness}},
	author       = {Booth, Tim J. and Blake, Peter and Nair, Rahul R. and Jiang, Da and Hill, Ernie W. and Bangert, Ursel and Bleloch, Andrew and Gass, Mhairi and Novoselov, Kostya S. and Katsnelson, M. I. and Geim, A. K.},
	year         = 2008,
	journal      = {Nano Lett.},
	volume       = 8,
	number       = 8,
	pages        = {2442--2446}
}
@article{lee_measurement_2008,
	title        = {Measurement of the {Elastic} {Properties} and {Intrinsic} {Strength} of {Monolayer} {Graphene}},
	author       = {Lee, Changgu and Wei, Xiaoding and Kysar, Jeffrey W. and Hone, James},
	year         = 2008,
	journal      = {Science},
	volume       = 321,
	number       = 5887,
	pages        = {385--388}
}
@article{kim_large-scale_2009,
	title        = {Large-scale pattern growth of graphene films for stretchable transparent electrodes},
	author       = {Kim, Keun Soo and Zhao, Yue and Jang, Houk and Lee, Sang Yoon and Kim, Jong Min and Kim, Kwang S. and Ahn, Jong-Hyun and Kim, Philip and Choi, Jae-Young and Hong, Byung Hee},
	year         = 2009,
	journal      = {Nature},
	volume       = 457,
	number       = 7230,
	pages        = {706--710}
}
@article{berman_few_2013,
	title        = {Few layer graphene to reduce wear and friction on sliding steel surfaces},
	author       = {Berman, Diana and Erdemir, Ali and Sumant, Anirudha V.},
	year         = 2013,
	journal      = {Carbon},
	volume       = 54,
	pages        = {454--459}
}
@article{cao_unconventional_2018,
	title        = {Unconventional superconductivity in magic-angle graphene superlattices},
	author       = {Cao, Yuan and Fatemi, Valla and Fang, Shiang and Watanabe, Kenji and Taniguchi, Takashi and Kaxiras, Efthimios and Jarillo-Herrero, Pablo},
	year         = 2018,
	journal      = {Nature},
	volume       = 556,
	number       = 7699,
	pages        = {43--50}
}
@article{moreno_bottom-up_2018,
	title        = {Bottom-up synthesis of multifunctional nanoporous graphene},
	author       = {Moreno, César and Vilas-Varela, Manuel and Kretz, Bernhard and Garcia-Lekue, Aran and Costache, Marius V. and Paradinas, Markos and Panighel, Mirko and Ceballos, Gustavo and Valenzuela, Sergio O. and Peña, Diego and Mugarza, Aitor},
	year         = 2018,
	journal      = {Science},
	volume       = 360,
	number       = 6385,
	pages        = {199--203}
}
@article{fan_graphene_2019,
	title        = {Graphene ribbons with suspended masses as transducers in ultra-small nanoelectromechanical accelerometers},
	author       = {Fan, Xuge and Forsberg, Fredrik and Smith, Anderson D. and Schröder, Stephan and Wagner, Stefan and Rödjegård, Henrik and Fischer, Andreas C. and Östling, Mikael and Lemme, Max C. and Niklaus, Frank},
	year         = 2019,
	journal      = {Nat Electron},
	volume       = 2,
	number       = 9,
	pages        = {394--404}
}
@article{gobbi_graphene_2020,
	title        = {Graphene transistors for real-time monitoring molecular self-assembly dynamics},
	author       = {Gobbi, Marco and Galanti, Agostino and Stoeckel, Marc-Antoine and Zyska, Bjorn and Bonacchi, Sara and Hecht, Stefan and Samorì, Paolo},
	year         = 2020,
	journal      = {Nat Commun},
	volume       = 11,
	number       = 1,
	pages        = 4731
}
@article{song_noncovalent_2016,
	title        = {Noncovalent {Self}-{Assembled} {Monolayers} on {Graphene} as a {Highly} {Stable} {Platform} for {Molecular} {Tunnel} {Junctions}},
	author       = {Song, Peng and Sangeeth, C. S. Suchand and Thompson, Damien and Du, Wei and Loh, Kian Ping and Nijhuis, Christian A.},
	year         = 2016,
	journal      = {Adv. Mater.},
	volume       = 28,
	number       = 4,
	pages        = {631--639}
}
@article{seo_photo-switchable_2013,
	title        = {Photo-switchable molecular monolayer anchored between highly transparent and flexible graphene electrodes},
	author       = {Seo, Sohyeon and Min, Misook and Lee, Sae Mi and Lee, Hyoyoung},
	year         = 2013,
	journal      = {Nat Commun},
	volume       = 4,
	number       = 1,
	pages        = 1920
}
@article{gao_confined_2022,
	title        = {Confined lamellar channels structured by multilayer graphene for high-efficiency desalination},
	author       = {Gao, Haiqi and Wang, Jing and Zhang, Xirui and Hu, Mingao and Xu, Qinghao and Xie, Yannan and Liu, Yuzhen and Lu, Ruifeng},
	year         = 2022,
	journal      = {Desalination},
	volume       = 530,
	pages        = 115681
}
@article{gao_graphene_2022,
	title        = {Graphene kirigami as an ultra-permeable water desalination membrane},
	author       = {Gao, Yuan and Chen, Weiqiang and Liu, Yanming and Wu, Jiangyu and Jing, Hongwen},
	year         = 2022,
	journal      = {Carbon},
	volume       = 195,
	pages        = {183--190}
}
@article{yang_self-assembly_2018,
	title        = {Self-{Assembly} of {Thiourea}-{Crosslinked} {Graphene} {Oxide} {Framework} {Membranes} toward {Separation} of {Small} {Molecules}},
	author       = {Yang, Jingjing and Gong, Dian and Li, Guihua and Zeng, Gaofeng and Wang, Qiyan and Zhang, Yelei and Liu, Guojuan and Wu, Ping and Vovk, Evgeny and Peng, Zheng and Zhou, Xiaohong and Yang, Yong and Liu, Zhi and Sun, Yuhan},
	year         = 2018,
	journal      = {Adv. Mater.},
	volume       = 30,
	number       = 16,
	pages        = 1705775
}
@article{saini_selective_2022,
	title        = {Selective transport of water molecules through interlayer spaces in graphite},
	author       = {Saini, Lalita and Nemala, Siva Sankar and Rathi, Aparna and Kaushik, Suvigya and Kalon, Gopinadhan},
	year         = 2022,
	journal      = {Nat Commun},
	volume       = 13,
	number       = 1,
	pages        = 498
}
@article{kurupath_highly_2021,
	title        = {Highly efficient water desalination through hourglass shaped carbon nanopores},
	author       = {Kurupath, Vishnu Prasad and Kannam, Sridhar Kumar and Hartkamp, Remco and Sathian, Sarith P.},
	year         = 2021,
	journal      = {Desalination},
	volume       = 505,
	pages        = 114978
}
@article{kim_graphene-contact_2012,
	title        = {Graphene-contact electrically driven microdisk lasers},
	author       = {Kim, Yoon-Ho and Kwon, Soon-Hong and Lee, Jung Min and Hwang, Min-Soo and Kang, Ju-Hyung and Park, Won Il and Park, Hong-Gyu},
	year         = 2012,
	journal      = {Nat Commun},
	volume       = 3,
	number       = 1,
	pages        = 1123
}
@article{avouris_graphene_2010,
	title        = {Graphene: {Electronic} and {Photonic} {Properties} and {Devices}},
	author       = {Avouris, Phaedon},
	year         = 2010,
	journal      = {Nano Lett.},
	volume       = 10,
	number       = 11,
	pages        = {4285--4294}
}
@article{baeumer_ferroelectrically_2015,
	title        = {Ferroelectrically driven spatial carrier density modulation in graphene},
	author       = {Baeumer, Christoph and Saldana-Greco, Diomedes and Martirez, John Mark P. and Rappe, Andrew M. and Shim, Moonsub and Martin, Lane W.},
	year         = 2015,
	journal      = {Nat Commun},
	volume       = 6,
	number       = 1,
	pages        = 6136
}
@article{bao_atomic-layer_2009,
	title        = {Atomic-{Layer} {Graphene} as a {Saturable} {Absorber} for {Ultrafast} {Pulsed} {Lasers}},
	author       = {Bao, Qiaoliang and Zhang, Han and Wang, Yu and Ni, Zhenhua and Yan, Yongli and Shen, Ze Xiang and Loh, Kian Ping and Tang, Ding Yuan},
	year         = 2009,
	journal      = {Adv. Funct. Mater.},
	volume       = 19,
	number       = 19,
	pages        = {3077--3083}
}
@article{sun_ultrafast_2012,
	title        = {Ultrafast lasers mode-locked by nanotubes and graphene},
	author       = {Sun, Z. and Hasan, T. and Ferrari, A.C.},
	year         = 2012,
	journal      = {Physica E: Low-dimensional Systems and Nanostructures},
	volume       = 44,
	number       = 6,
	pages        = {1082--1091}
}
@article{trung_graphene_2022,
	title        = {Graphene {Oxide} {Liquid} {Crystals} {Aligned} in a {Confined} {Configuration}: {Implications} for {Optical} {Materials}},
	author       = {Trung, Le Gia and Mishra, Rajneesh Kumar and Subedi, Subhangi and Rella, Avinash Kumar and Kumar, Vipin and Ryu, Jeong Won and Jeon, Hwajun and Gwag, Jin Seog},
	year         = 2022,
	journal      = {ACS Appl. Nano Mater.},
	volume       = 5,
	number       = 8,
	pages        = {11506--11518}
}
@article{liu_ultratransparent_2017,
	title        = {Ultratransparent and stretchable graphene electrodes},
	author       = {Liu, Nan and Chortos, Alex and Lei, Ting and Jin, Lihua and Kim, Taeho Roy and Bae, Won-Gyu and Zhu, Chenxin and Wang, Sihong and Pfattner, Raphael and Chen, Xiyuan and Sinclair, Robert and Bao, Zhenan},
	year         = 2017,
	journal      = {Sci. Adv.},
	volume       = 3,
	number       = 9,
	pages        = {e1700159}
}
@article{shin_stretchable_2019,
	title        = {Stretchable {Electroluminescent} {Display} {Enabled} by {Graphene}-{Based} {Hybrid} {Electrode}},
	author       = {Shin, Heechang and Sharma, Bhupendra K. and Lee, Seung Won and Lee, Jae-Bok and Choi, Minwoo and Hu, Luhing and Park, Cheolmin and Choi, Jin Hwan and Kim, Tae Woong and Ahn, Jong-Hyun},
	year         = 2019,
	journal      = {ACS Appl. Mater. Interfaces},
	volume       = 11,
	number       = 15,
	pages        = {14222--14228}
}
@article{liu_spontaneous_2020,
	title        = {Spontaneous {Emergence} of {Self}-{Replicating} {Molecules} {Containing} {Nucleobases} and {Amino} {Acids}},
	author       = {Liu, Bin and Pappas, Charalampos G. and Ottelé, Jim and Schaeffer, Gaël and Jurissek, Christoph and Pieters, Priscilla F. and Altay, Meniz and Marić, Ivana and Stuart, Marc C. A. and Otto, Sijbren},
	year         = 2020,
	journal      = {J. Am. Chem. Soc.},
	volume       = 142,
	number       = 9,
	pages        = {4184--4192}
}
@article{meena_triazine-based_2021,
	title        = {Triazine-{Based} {Janus} {G}–{C} {Nucleobase} as a {Building} {Block} for {Self}-{Assembly}, {Peptide} {Nucleic} {Acids}, and {Smart} {Polymers}},
	author       = {Meena, Chhuttan L. and Singh, Dharmendra and Kizhakeetil, Bhavya and Prasad, Manasa and George, Malini and Tothadi, Srinu and Sanjayan, Gangadhar J.},
	year         = 2021,
	journal      = {J. Org. Chem.},
	volume       = 86,
	number       = 4,
	pages        = {3186--3195}
}
@article{tufenkjian_molecular_2020,
	title        = {Molecular tectonics: {Self}-assembly of pyridyl bearing nucleobases},
	author       = {Tufenkjian, Elsa and Jouaiti, Abdelaziz and Kyritsakas, Nathalie and Hosseini, Mir Wais and Bulach, Veronique},
	year         = 2020,
	journal      = {Tetrahedron},
	volume       = 76,
	number       = 9,
	pages        = 130966
}
@article{mamdouh_self-assembly_2009,
	title        = {Self-{Assembly} of {Artificial} {Nucleobase} 1 \textit{{H}} -{Benzimidazole}-4,7-dione at the {Liquid}/{Solid} {Interface}},
	author       = {Mamdouh, Wael and Kelly, Ross E. A. and Dong, Mingdong and Jacobsen, Mikkel F. and Ferapontova, Elena E. and Kantorovich, Lev N. and Gothelf, Kurt V. and Besenbacher, Flemming},
	year         = 2009,
	journal      = {J. Phys. Chem. B},
	volume       = 113,
	number       = 25,
	pages        = {8675--8681}
}
@article{otero_guanine_2005,
	title        = {Guanine {Quartet} {Networks} {Stabilized} by {Cooperative} {Hydrogen} {Bonds}},
	author       = {Otero, Roberto and Schöck, Maya and Molina, Luis M. and Laegsgaard, Erik and Stensgaard, Ivan and Hammer, Bjørk and Besenbacher, Flemming},
	year         = 2005,
	journal      = {Angewandte Chemie International Edition},
	volume       = 44,
	number       = 15,
	pages        = {2270--2275}
}
@article{ciesielski_self-assembly_2013,
	title        = {Self-{Assembly} of {N} $^{\textrm{3}}$ -{Substituted} {Xanthines} in the {Solid} {State} and at the {Solid}–{Liquid} {Interface}},
	author       = {Ciesielski, Artur and Haar, Sébastien and Bényei, Attila and Paragi, Gábor and Guerra, Célia Fonseca and Bickelhaupt, F. Matthias and Masiero, Stefano and Szolomájer, János and Samorì, Paolo and Spada, Gian Piero and Kovács, Lajos},
	year         = 2013,
	journal      = {Langmuir},
	volume       = 29,
	number       = 24,
	pages        = {7283--7290}
}
@article{mu_temperature-dependent_2013,
	title        = {Temperature-{Dependent} {Self}-{Assembly} of {Adenine} {Derivative} on {HOPG}},
	author       = {Mu, Zhongcheng and Rubner, Oliver and Bamler, Markus and Blömker, Tobias and Kehr, Gerald and Erker, Gerhard and Heuer, Andreas and Fuchs, Harald and Chi, Lifeng},
	year         = 2013,
	journal      = {Langmuir},
	volume       = 29,
	number       = 34,
	pages        = {10737--10743}
}
@article{barati_farimani_dna_2017,
	title        = {{DNA} {Origami}–{Graphene} {Hybrid} {Nanopore} for {DNA} {Detection}},
	author       = {Barati Farimani, Amir and Dibaeinia, Payam and Aluru, Narayana R.},
	year         = 2017,
	journal      = {ACS Appl. Mater. Interfaces},
	volume       = 9,
	number       = 1,
	pages        = {92--100}
}
@article{shayeganfar_electronic_2014,
	title        = {Electronic {Properties} of {Self}-{Assembled} {Trimesic} {Acid} {Monolayer} on {Graphene}},
	author       = {Shayeganfar, F. and Rochefort, A.},
	year         = 2014,
	journal      = {Langmuir},
	volume       = 30,
	number       = 32,
	pages        = {9707--9716}
}
@article{banerjee_flexible_2016,
	title        = {Flexible {Self}-{Assembled} {Molecular} {Templates} on {Graphene}},
	author       = {Banerjee, Kaustuv and Kumar, Avijit and Canova, Filippo Federici and Kezilebieke, Shawulienu and Foster, Adam S. and Liljeroth, Peter},
	year         = 2016,
	journal      = {J. Phys. Chem. C},
	volume       = 120,
	number       = 16,
	pages        = {8772--8780}
}
@article{wang_substituent_2014,
	title        = {Substituent effects in the π⋯π interaction between graphene and benzene: {An} indication for the noncovalent functionalization of graphene},
	author       = {Wang, Weizhou and Sun, Tao and Zhang, Yu and Wang, Yi-Bo},
	year         = 2014,
	journal      = {Computational and Theoretical Chemistry},
	volume       = 1046,
	pages        = {64--69}
}
@article{hassan_interactions_2014,
	title        = {Interactions of polymers with reduced graphene oxide: van der {Waals} binding energies of benzene on graphene with defects},
	author       = {Hassan, Mohamed and Walter, Michael and Moseler, Michael},
	year         = 2014,
	journal      = {Phys. Chem. Chem. Phys.},
	volume       = 16,
	number       = 1,
	pages        = {33--37}
}
@article{hsun_su_electrostatic_2011,
	title        = {Electrostatic studies of π–π interaction for benzene stacking on a graphene layer},
	author       = {Hsun Su, Yen and Kai Wu, Yang and Tu, Sheng‐Lung and Chang, Shoou-Jinn},
	year         = 2011,
	journal      = {Appl. Phys. Lett.},
	volume       = 99,
	number       = 16,
	pages        = 163102
}
@article{patrikar_charge_2022,
	title        = {Charge {Carrier} {Doping} {As} {Mechanism} of {Self}‐{Assembled} {Monolayers} {Functionalized} {Electrodes} in {Organic} {Field} {Effect} {Transistors}},
	author       = {Patrikar, Kalyani and Bothra, Urvashi and Rao, Valipe Ramgopal and Kabra, Dinesh},
	year         = 2022,
	journal      = {Adv Materials Inter},
	volume       = 9,
	number       = 1,
	pages        = 2101377
}
@article{gopinadhan_complete_2019,
	title        = {Complete steric exclusion of ions and proton transport through confined monolayer water},
	author       = {Gopinadhan, K. and Hu, S. and Esfandiar, A. and Lozada-Hidalgo, M. and Wang, F. C. and Yang, Q. and Tyurnina, A. V. and Keerthi, A. and Radha, B. and Geim, A. K.},
	year         = 2019,
	journal      = {Science},
	volume       = 363,
	number       = 6423,
	pages        = {145--148}
}
@article{radha_molecular_2016,
	title        = {Molecular transport through capillaries made with atomic-scale precision},
	author       = {Radha, B. and Esfandiar, A. and Wang, F. C. and Rooney, A. P. and Gopinadhan, K. and Keerthi, A. and Mishchenko, A. and Janardanan, A. and Blake, P. and Fumagalli, L. and Lozada-Hidalgo, M. and Garaj, S. and Haigh, S. J. and Grigorieva, I. V. and Wu, H. A. and Geim, A. K.},
	year         = 2016,
	journal      = {Nature},
	volume       = 538,
	number       = 7624,
	pages        = {222--225}
}
@article{paechotrattanakul_ultrahigh_2023,
	title        = {Ultrahigh stable laminar graphene membranes for effective ionic and molecular nanofiltration with a machine learning-assisted study},
	author       = {Paechotrattanakul, Poonsawat and Jitapunkul, Kulpavee and Iamprasertkun, Pawin and Srinoi, Pannaree and Sirisaksoontorn, Weekit and Hirunpinyopas, Wisit},
	year         = 2023,
	journal      = {Nanoscale}
}
@article{liang_theoretical_2013,
	title        = {Theoretical study on key factors in {DNA} sequencing with graphene nanopores},
	author       = {Liang, Lijun and Cui, Peng and Wang, Qi and Wu, Tao and Ågren, Hans and Tu, Yaoquan},
	year         = 2013,
	journal      = {RSC Adv.},
	volume       = 3,
	number       = 7,
	pages        = 2445
}
@article{sathe_computational_2011,
	title        = {Computational {Investigation} of {DNA} {Detection} {Using} {Graphene} {Nanopores}},
	author       = {Sathe, Chaitanya and Zou, Xueqing and Leburton, Jean-Pierre and Schulten, Klaus},
	year         = 2011,
	journal      = {ACS Nano},
	volume       = 5,
	number       = 11,
	pages        = {8842--8851}
}
@article{banerjee_slowing_2015,
	title        = {Slowing {DNA} {Transport} {Using} {Graphene}-{DNA} {Interactions}},
	author       = {Banerjee, Shouvik and Wilson, James and Shim, Jiwook and Shankla, Manish and Corbin, Elise A. and Aksimentiev, Aleksei and Bashir, Rashid},
	year         = 2015,
	journal      = {Adv. Funct. Mater.},
	volume       = 25,
	number       = 6,
	pages        = {936--946}
}
@article{prado_functional_2020,
	title        = {Functional {Systems} {Derived} from {Nucleobase} {Self}‐assembly},
	author       = {Prado, Anselmo and González‐Rodríguez, David and Wu, Yi‐Lin},
	year         = 2020,
	journal      = {ChemistryOpen},
	volume       = 9,
	number       = 4,
	pages        = {409--430}
}
@article{wang_supramolecular_2011,
	title        = {Supramolecular {Copolymer} {Micelles} {Based} on the {Complementary} {Multiple} {Hydrogen} {Bonds} of {Nucleobases} for {Drug} {Delivery}},
	author       = {Wang, Dali and Su, Yue and Jin, Chengyu and Zhu, Bangshang and Pang, Yan and Zhu, Lijuan and Liu, Jinyao and Tu, Chunlai and Yan, Deyue and Zhu, Xinyuan},
	year         = 2011,
	journal      = {Biomacromolecules},
	volume       = 12,
	number       = 4,
	pages        = {1370--1379}
}
@article{cafferty_efficient_2013,
	title        = {Efficient {Self}-{Assembly} in {Water} of {Long} {Noncovalent} {Polymers} by {Nucleobase} {Analogues}},
	author       = {Cafferty, Brian J. and Gállego, Isaac and Chen, Michael C. and Farley, Katherine I. and Eritja, Ramon and Hud, Nicholas V.},
	year         = 2013,
	journal      = {J. Am. Chem. Soc.},
	volume       = 135,
	number       = 7,
	pages        = {2447--2450}
}
@article{cao_why_2020,
	title        = {Why is {Single}-{Layer} {MoS} $_{\textrm{2}}$ a {More} {Energy} {Efficient} {Membrane} for {Water} {Desalination}?},
	author       = {Cao, Zhonglin and Liu, Vincent and Barati Farimani, Amir},
	year         = 2020,
	journal      = {ACS Energy Lett.},
	volume       = 5,
	number       = 7,
	pages        = {2217--2222}
}
@article{li_tunable_2016,
	title        = {Tunable, {Strain}-{Controlled} {Nanoporous} {MoS} $_{\textrm{2}}$ {Filter} for {Water} {Desalination}},
	author       = {Li, Weifeng and Yang, Yanmei and Weber, Jeffrey K. and Zhang, Gang and Zhou, Ruhong},
	year         = 2016,
	journal      = {ACS Nano},
	volume       = 10,
	number       = 2,
	pages        = {1829--1835}
}
@article{heiranian_water_2015,
	title        = {Water desalination with a single-layer {MoS2} nanopore},
	author       = {Heiranian, Mohammad and Farimani, Amir Barati and Aluru, Narayana R.},
	year         = 2015,
	journal      = {Nat Commun},
	volume       = 6,
	number       = 1,
	pages        = 8616
}
@article{sharma_how_2022,
	title        = {How {Grain} {Boundaries} and {Interfacial} {Electrostatic} {Interactions} {Modulate} {Water} {Desalination} via {Nanoporous} {Hexagonal} {Boron} {Nitride}},
	author       = {Sharma, Bharat Bhushan and Govind Rajan, Ananth},
	year         = 2022,
	journal      = {J. Phys. Chem. B},
	volume       = 126,
	number       = 6,
	pages        = {1284--1300}
}
@article{davoy_high_2018,
	title        = {High {Water} {Flux} with {Ions} {Sieving} in a {Desalination} {2D} {Sub}-{Nanoporous} {Boron} {Nitride} {Material}},
	author       = {Davoy, Xavier and Gellé, Alain and Lebreton, Jean-Christophe and Tabuteau, Hervé and Soldera, Armand and Szymczyk, Anthony and Ghoufi, Aziz},
	year         = 2018,
	journal      = {ACS Omega},
	volume       = 3,
	number       = 6,
	pages        = {6305--6310}
}
@article{jafarzadeh_molecular_2019,
	title        = {Molecular insights into effective water desalination through functionalized nanoporous boron nitride nanosheet membranes},
	author       = {Jafarzadeh, Roghayeh and Azamat, Jafar and Erfan-Niya, Hamid and Hosseini, Mostafa},
	year         = 2019,
	journal      = {Applied Surface Science},
	volume       = 471,
	pages        = {921--928}
}
@article{liu_hexagonal_2020,
	title        = {Hexagonal boron nitride with nanoslits as a membrane for water desalination: {A} molecular dynamics investigation},
	author       = {Liu, Lin and Liu, Yichang and Qi, Yingying and Song, Meiru and Jiang, Lizhi and Fu, Gang and Li, Jinyu},
	year         = 2020,
	journal      = {Separation and Purification Technology},
	volume       = 251,
	pages        = 117409
}
@incollection{drioli_principle_2015,
	title        = {The {Principle} of {Reverse} {Osmosis} ({RO})},
	author       = {Giorno, Lidietta and Drioli, Enrico and Strathmann, Heiner},
	year         = 2015,
	booktitle    = {Encyclopedia of {Membranes}},
	publisher    = {Springer Berlin Heidelberg},
	address      = {Berlin, Heidelberg},
	pages        = {1--5},
	isbn         = {978-3-642-40872-4},
	editor       = {Drioli, Enrico and Giorno, Lidietta}
}
@article{curci_how_2015,
	title        = {How a {Small} {Double}-{Stranded} {Trick} {Can} {Mislead} {Sanger} {Sequencing}},
	author       = {Curci, Pasquale Luca and Sonnante, Gabriella},
	year         = 2015,
	journal      = {J Biomol Tech},
	volume       = 26,
	number       = 3,
	pages        = {80--82}
}
@article{cui_cautionary_2017,
	title        = {A cautionary note on graphene anti-corrosion coatings},
	author       = {Cui, Chenlong and Lim, Alane Tarianna O. and Huang, Jiaxing},
	year         = 2017,
	journal      = {Nature Nanotech},
	volume       = 12,
	number       = 9,
	pages        = {834--835}
}
@article{chen_oxidation_2011,
	title        = {Oxidation {Resistance} of {Graphene}-{Coated} {Cu} and {Cu}/{Ni} {Alloy}},
	author       = {Chen, Shanshan and Brown, Lola and Levendorf, Mark and Cai, Weiwei and Ju, Sang-Yong and Edgeworth, Jonathan and Li, Xuesong and Magnuson, Carl W. and Velamakanni, Aruna and Piner, Richard D. and Kang, Junyong and Park, Jiwoong and Ruoff, Rodney S.},
	year         = 2011,
	journal      = {ACS Nano},
	volume       = 5,
	number       = 2,
	pages        = {1321--1327}
}
@article{su_impermeable_2014,
	title        = {Impermeable barrier films and protective coatings based on reduced graphene oxide},
	author       = {Su, Y. and Kravets, V. G. and Wong, S. L. and Waters, J. and Geim, A. K. and Nair, R. R.},
	year         = 2014,
	journal      = {Nat Commun},
	volume       = 5,
	number       = 1,
	pages        = 4843
}
@article{berry_impermeability_2013,
	title        = {Impermeability of graphene and its applications},
	author       = {Berry, Vikas},
	year         = 2013,
	journal      = {Carbon},
	volume       = 62,
	pages        = {1--10}
}
@article{hayatdavoudi_mechanistic_2017,
	title        = {A mechanistic study of the enhanced cathodic protection performance of graphene-reinforced zinc rich nanocomposite coating for corrosion protection of carbon steel substrate},
	author       = {Hayatdavoudi, Hadis and Rahsepar, Mansour},
	year         = 2017,
	journal      = {Journal of Alloys and Compounds},
	volume       = 727,
	pages        = {1148--1156}
}
@article{bae_roll--roll_2010,
	title        = {Roll-to-roll production of 30-inch graphene films for transparent electrodes},
	author       = {Bae, Sukang and Kim, Hyeongkeun and Lee, Youngbin and Xu, Xiangfan and Park, Jae-Sung and Zheng, Yi and Balakrishnan, Jayakumar and Lei, Tian and Ri Kim, Hye and Song, Young Il and Kim, Young-Jin and Kim, Kwang S. and Özyilmaz, Barbaros and Ahn, Jong-Hyun and Hong, Byung Hee and Iijima, Sumio},
	year         = 2010,
	journal      = {Nature Nanotech},
	volume       = 5,
	number       = 8,
	pages        = {574--578}
}
@article{khan_graphene_2017,
	title        = {Graphene {Tribotronics} for {Electronic} {Skin} and {Touch} {Screen} {Applications}},
	author       = {Khan, Usman and Kim, Tae-Ho and Ryu, Hanjun and Seung, Wanchul and Kim, Sang-Woo},
	year         = 2017,
	journal      = {Adv. Mater.},
	volume       = 29,
	number       = 1,
	pages        = 1603544
}
@article{polat_graphene_2014,
	title        = {Graphene based flexible electrochromic devices},
	author       = {Polat, Emre O. and Balcı, Osman and Kocabas, Coskun},
	year         = 2014,
	journal      = {Sci Rep},
	volume       = 4,
	number       = 1,
	pages        = 6484
}
@article{anagnostopoulos_mechanical_2016,
	title        = {Mechanical {Stability} of {Flexible} {Graphene}-{Based} {Displays}},
	author       = {Anagnostopoulos, George and Pappas, Panagiotis-Nektarios and Li, Zheling and Kinloch, Ian A. and Young, Robert J. and Novoselov, Kostya S. and Lu, Ching Yu and Pugno, Nicola and Parthenios, John and Galiotis, Costas and Papagelis, Konstantinos},
	year         = 2016,
	journal      = {ACS Appl. Mater. Interfaces},
	volume       = 8,
	number       = 34,
	pages        = {22605--22614}
}
@article{cheng_nucleobase_2012,
	title        = {Nucleobase {Self}-{Assembly} in {Supramolecular} {Adhesives}},
	author       = {Cheng, Shijing and Zhang, Mingqiang and Dixit, Ninad and Moore, Robert B. and Long, Timothy E.},
	year         = 2012,
	journal      = {Macromolecules},
	volume       = 45,
	number       = 2,
	pages        = {805--812}
}
@article{avramopoulos_computational_2016,
	title        = {A {Computational} {Study} of the {Interaction} and {Polarization} {Effects} of {Complexes} {Involving} {Molecular} {Graphene} and {C} $_{\textrm{60}}$ or a {Nucleobases}},
	author       = {Avramopoulos, Aggelos and Otero, Nicolás and Karamanis, Panaghiotis and Pouchan, Claude and Papadopoulos, Manthos G.},
	year         = 2016,
	journal      = {J. Phys. Chem. A},
	volume       = 120,
	number       = 2,
	pages        = {284--298}
}
@article{johnson_probing_2008,
	title        = {Probing the {Structure} of {DNA}−{Carbon} {Nanotube} {Hybrids} with {Molecular} {Dynamics}},
	author       = {Johnson, Robert R. and Johnson, A. T. Charlie and Klein, Michael L.},
	year         = 2008,
	journal      = {Nano Lett.},
	volume       = 8,
	number       = 1,
	pages        = {69--75}
}
@article{sarmah_understanding_2013,
	title        = {Understanding the {Interaction} of {Nucleobases} with {Chiral} {Semiconducting} {Single}-{Walled} {Carbon} {Nanotubes}: {An} {Alternative} {Theoretical} {Approach} {Based} on {Density} {Functional} {Reactivity} {Theory}},
	author       = {Sarmah, Amrit and Roy, Ram Kinkar},
	year         = 2013,
	journal      = {J. Phys. Chem. C},
	volume       = 117,
	number       = 41,
	pages        = {21539--21550}
}
@article{bald_two-dimensional_2010,
	title        = {Two-dimensional network stability of nucleobases and amino acids on graphite under ambient conditions: adenine, l-serine and l-tyrosine},
	author       = {Bald, Ilko and Weigelt, Sigrid and Ma, Xiaojing and Xie, Pengyang and Subramani, Ramesh and Dong, Mingdong and Wang, Chen and Mamdouh, Wael and Wang, Jianguo and Besenbacher, Flemming},
	year         = 2010,
	journal      = {Phys. Chem. Chem. Phys.},
	volume       = 12,
	number       = 14,
	pages        = 3616
}
@article{das_binding_2008,
	title        = {Binding of nucleobases with single-walled carbon nanotubes: {Theory} and experiment},
	author       = {Das, Anindya and Sood, A.K. and Maiti, Prabal K. and Das, Mili and Varadarajan, R. and Rao, C.N.R.},
	year         = 2008,
	journal      = {Chemical Physics Letters},
	volume       = 453,
	number       = {4-6},
	pages        = {266--273}
}
@article{shen_steering_2013,
	title        = {Steering supramolecular patterns by nucleobase-terminated molecules},
	author       = {Shen, Cai and Cramer, Jacob R. and Jacobsen, Mikkel F. and Liu, Lei and Zhang, Shuai and Dong, Mingdong and Gothelf, Kurt V. and Besenbacher, Flemming},
	year         = 2013,
	journal      = {Chem. Commun.},
	volume       = 49,
	number       = 5,
	pages        = {508--510}
}
@article{wang_controlling_2014,
	title        = {Controlling two-phase self-assembly of an adenine derivative on {HOPG} via kinetic effects},
	author       = {Wang, Can and Jana, Pritam Kumar and Zhang, Haiming and Mu, Zhongcheng and Kehr, Gerald and Blömker, Tobias and Erker, Gerhard and Fuchs, Harald and Heuer, Andreas and Chi, Lifeng},
	year         = 2014,
	journal      = {Chem. Commun.},
	volume       = 50,
	number       = 65,
	pages        = 9192
}
@article{xu_supramolecular_2010,
	title        = {Supramolecular {Porous} {Network} {Formed} by {Molecular} {Recognition} between {Chemically} {Modified} {Nucleobases} {Guanine} and {Cytosine}},
	author       = {Xu, Wei and Wang, Jian-guo and Jacobsen, Mikkel F. and Mura, Manuela and Yu, Miao and Kelly, Ross E. A. and Meng, Qiang-qiang and Laegsgaard, Erik and Stensgaard, Ivan and Linderoth, Trolle R. and Kjems, Jørgen and Kantorovich, Lev N. and Gothelf, Kurt V. and Besenbacher, Flemming},
	year         = 2010,
	journal      = {Angew. Chem. Int. Ed.},
	volume       = 49,
	number       = 49,
	pages        = {9373--9377}
}
@article{mamdouh_two-dimensional_2008,
	title        = {Two-{Dimensional} {Supramolecular} {Nanopatterns} {Formed} by the {Coadsorption} of {Guanine} and {Uracil} at the {Liquid}/{Solid} {Interface}},
	author       = {Mamdouh, Wael and Kelly, Ross E. A. and Dong, Mingdong and Kantorovich, Lev N. and Besenbacher, Flemming},
	year         = 2008,
	journal      = {J. Am. Chem. Soc.},
	volume       = 130,
	number       = 2,
	pages        = {695--702}
}
@article{furukawa_role_2001,
	title        = {The role of dimer formation in the self-assemblies of {DNA} base molecules on {Cu}(111) surfaces: {A} scanning tunneling microscope study},
	author       = {Furukawa, Masashi and Tanaka, Hiroyuki and Kawai, Tomoji},
	year         = 2001,
	journal      = {The Journal of Chemical Physics},
	volume       = 115,
	number       = 7,
	pages        = {3419--3423}
}
@article{ciesielski_nanopatterning_2010,
	title        = {Nanopatterning the surface with ordered supramolecular architectures of {N9}-alkylated guanines: {STM} reveals},
	author       = {Ciesielski, Artur and Perone, Rosaria and Pieraccini, Silvia and Spada, Gian Piero and Samorì, Paolo},
	year         = 2010,
	journal      = {Chem. Commun.},
	volume       = 46,
	number       = 25,
	pages        = 4493
}
@article{chen_self-assembly_2002,
	title        = {Self-{Assembly} of {Adenine} on {Cu}(110) {Surfaces}},
	author       = {Chen, Qiao and Frankel, Daniel J. and Richardson, Neville V.},
	year         = 2002,
	journal      = {Langmuir},
	volume       = 18,
	number       = 8,
	pages        = {3219--3225}
}
@article{spiegel_structure_2020,
	title        = {The {Structure} and {Function} of {DNA} {G}-{Quadruplexes}},
	author       = {Spiegel, Jochen and Adhikari, Santosh and Balasubramanian, Shankar},
	year         = 2020,
	journal      = {Trends in Chemistry},
	volume       = 2,
	number       = 2,
	pages        = {123--136}
}
@article{berger_inter-strand_1996,
	title        = {Inter-strand {C}-{H}...{O} hydrogen bonds stabilizing four-stranded intercalated molecules: stereoelectronic effects of {O4}' in cytosine-rich {DNA}.},
	author       = {Berger, I and Egli, M and Rich, A},
	year         = 1996,
	journal      = {Proc. Natl. Acad. Sci. U.S.A.},
	volume       = 93,
	number       = 22,
	pages        = {12116--12121}
}
@article{allen_analysis_1992,
	title        = {Analysis of adenine and thymine adsorbed on graphite by scanning tunneling and atomic force microscopy},
	author       = {Allen, M.J. and Balooch, M. and Subbiah, S. and Tench, R.J. and Balhorn, R. and Siekhaus, W.},
	year         = 1992,
	journal      = {Ultramicroscopy},
	volume       = {42-44},
	pages        = {1049--1053}
}
@article{papageorgiou_chemical_2012,
	title        = {Chemical {Transformations} {Drive} {Complex} {Self}-{Assembly} of {Uracil} on {Close}-{Packed} {Coinage} {Metal} {Surfaces}},
	author       = {Papageorgiou, Anthoula C. and Fischer, Sybille and Reichert, Joachim and Diller, Katharina and Blobner, Florian and Klappenberger, Florian and Allegretti, Francesco and Seitsonen, Ari P. and Barth, Johannes V.},
	year         = 2012,
	journal      = {ACS Nano},
	volume       = 6,
	number       = 3,
	pages        = {2477--2486}
}
@article{tsud_adenine_2015,
	title        = {Adenine adlayers on {Cu}(111): {XPS} and {NEXAFS} study},
	author       = {Tsud, Nataliya and Bercha, Sofiia and Ševčíková, Klára and Acres, Robert G. and Prince, Kevin C. and Matolín, Vladimír},
	year         = 2015,
	journal      = {The Journal of Chemical Physics},
	volume       = 143,
	number       = 17,
	pages        = 174704
}
@article{harroun_controversial_2018,
	title        = {The {Controversial} {Orientation} of {Adenine} on {Gold} and {Silver}},
	author       = {Harroun, Scott G.},
	year         = 2018,
	journal      = {ChemPhysChem},
	volume       = 19,
	number       = 9,
	pages        = {1003--1015}
}
@article{acres_experimental_2018,
	title        = {An experimental and theoretical study of adenine adsorption on {Au}(111)},
	author       = {Acres, Robert G. and Cheng, Xun and Beranová, Klára and Bercha, Sofiia and Skála, Tomáš and Matolín, Vladimír and Xu, Ye and Prince, Kevin C. and Tsud, Nataliya},
	year         = 2018,
	journal      = {Phys. Chem. Chem. Phys.},
	volume       = 20,
	number       = 7,
	pages        = {4688--4698}
}
@article{farrokhpour_van_2017,
	title        = {van der {Waals} {DFT} {ONIOM} study of the adsorption of {DNA} bases on the {Cu}(111) nanosurface},
	author       = {Farrokhpour, H. and Hadadzadeh, H. and Eskandari, K. and Movahedi, M. and Jouypazadeh, H.},
	year         = 2017,
	journal      = {Applied Surface Science},
	volume       = 422,
	pages        = {372--387}
}
@article{hason_arrangements_2023,
	title        = {Arrangements of {DNA} purine bases on pyrolytic graphite electrode surface. {Electrochemical} characterization and atomic force microscopy imaging},
	author       = {Hasoň, Stanislav and Ostatná, Veronika and Fojt, Lukáš and Fojta, Miroslav},
	year         = 2023,
	journal      = {Electrochimica Acta},
	volume       = 441,
	pages        = 141772
}
@article{paulechka_nucleobase-functionalized_2016,
	title        = {Nucleobase-functionalized graphene nanoribbons for accurate high-speed {DNA} sequencing},
	author       = {Paulechka, Eugene and Wassenaar, Tsjerk A. and Kroenlein, Kenneth and Kazakov, Andrei and Smolyanitsky, Alex},
	year         = 2016,
	journal      = {Nanoscale},
	volume       = 8,
	number       = 4,
	pages        = {1861--1867}
}
@article{zhao_self-assembly_2011,
	title        = {Self-{Assembly} of {DNA} {Segments} on {Graphene} and {Carbon} {Nanotube} {Arrays} in {Aqueous} {Solution}: {A} {Molecular} {Simulation} {Study}},
	author       = {Zhao, Xiongce},
	year         = 2011,
	journal      = {J. Phys. Chem. C},
	volume       = 115,
	number       = 14,
	pages        = {6181--6189}
}
@article{sadeghi_graphene_2014,
	title        = {Graphene {Sculpturene} {Nanopores} for {DNA} {Nucleobase} {Sensing}},
	author       = {Sadeghi, Hatef and Algaragholy, L. and Pope, T. and Bailey, S. and Visontai, D. and Manrique, D. and Ferrer, J. and Garcia-Suarez, V. and Sangtarash, Sara and Lambert, Colin J.},
	year         = 2014,
	journal      = {J. Phys. Chem. B},
	volume       = 118,
	number       = 24,
	pages        = {6908--6914}
}
@article{garah_guanosine-based_2015,
	title        = {Guanosine-based hydrogen-bonded {2D} scaffolds: metal-free formation of {G}-quartet and {G}-ribbon architectures at the solid/liquid interface},
	author       = {Garah, Mohamed El and Perone, Rosaria C. and Bonilla, Alejandro Santana and Haar, Sébastien and Campitiello, Marilena and Gutierrez, Rafael and Cuniberti, Gianaurelio and Masiero, Stefano and Ciesielski, Artur and Samorì, Paolo},
	year         = 2015,
	journal      = {Chem. Commun.},
	volume       = 51,
	number       = 58,
	pages        = {11677--11680}
}
@article{yu_computational_2018,
	title        = {Computational investigation on {DNA} sequencing using functionalized graphene nanopores},
	author       = {Yu, You-sheng and Lu, Xiang and Ding, Hong-ming and Ma, Yu-qiang},
	year         = 2018,
	journal      = {Phys. Chem. Chem. Phys.},
	volume       = 20,
	number       = 14,
	pages        = {9063--9069}
}
@article{daelemans_adsorptive_2022,
	title        = {Adsorptive separation using self-assembly on graphite: from nanoscale to bulk processes},
	author       = {Daelemans, Brent and Eyley, Samuel and Marquez, Carlos and Lemmens, Vincent and De Vos, Dirk E. and Thielemans, Wim and Dehaen, Wim and De Feyter, Steven},
	year         = 2022,
	journal      = {Chem. Sci.},
	volume       = 13,
	number       = 31,
	pages        = {9035--9046}
}
@article{aoi_spatially_2023,
	title        = {Spatially {Controlled} {Aryl} {Radical} {Grafting} of {Graphite} {Surfaces} {Guided} by {Self}-{Assembled} {Molecular} {Networks} of {Linear} {Alkane} {Derivatives}: {The} {Importance} of {Conformational} {Dynamics}},
	author       = {Aoi, Sota and Hirose, Shingo and Soeda, Wakana and Kaneko, Hiromasa and Mali, Kunal S. and De Feyter, Steven and Tahara, Kazukuni},
	year         = 2023,
	journal      = {Langmuir},
	volume       = 39,
	number       = 17,
	pages        = {5986--5994}
}
@article{hashimoto_symmetry_2022,
	title        = {Symmetry and spacing controls in periodic covalent functionalization of graphite surfaces templated by self-assembled molecular networks},
	author       = {Hashimoto, Shingo and Kaneko, Hiromasa and De Feyter, Steven and Tobe, Yoshito and Tahara, Kazukuni},
	year         = 2022,
	journal      = {Nanoscale},
	volume       = 14,
	number       = 35,
	pages        = {12595--12609}
}
@article{hughes_adsorption_2017,
	title        = {Adsorption of {DNA} {Fragments} at {Aqueous} {Graphite} and {Au}(111) via {Integration} of {Experiment} and {Simulation}},
	author       = {Hughes, Zak E. and Wei, Gang and Drew, Kurt L. M. and Colombi Ciacchi, Lucio and Walsh, Tiffany R.},
	year         = 2017,
	journal      = {Langmuir},
	volume       = 33,
	number       = 39,
	pages        = {10193--10204}
}
@article{kumawat_conductance_2022,
	title        = {Conductance and tunnelling current characteristics for individual identification of synthetic nucleic acids with a graphene device},
	author       = {Kumawat, Rameshwar L. and Pathak, Biswarup},
	year         = 2022,
	journal      = {Phys. Chem. Chem. Phys.},
	volume       = 24,
	number       = 26,
	pages        = {15756--15766}
}
@article{mittal_amplifying_2022,
	title        = {Amplifying {Quantum} {Tunneling} {Current} {Sensitivity} through {Labeling} {Nucleotides} {Using} {Graphene} {Nanogap} {Electrodes}},
	author       = {Mittal, Sneha and Jena, Milan Kumar and Pathak, Biswarup},
	year         = 2022,
	journal      = {ACS Appl. Nano Mater.},
	volume       = 5,
	number       = 7,
	pages        = {9356--9366}
}
@article{jena_first-principles_2021,
	title        = {First-{Principles} {Density} {Functional} {Theory} {Study} on {Graphene} and {Borophene} {Nanopores} for {Individual} {Identification} of {DNA} {Nucleotides}},
	author       = {Jena, Milan Kumar and Kumawat, Rameshwar L. and Pathak, Biswarup},
	year         = 2021,
	journal      = {ACS Appl. Nano Mater.},
	volume       = 4,
	number       = 12,
	pages        = {13573--13586}
}
@article{mittal_step_2023,
	title        = {A {Step} toward {Amino} {Acid}-{Labeled} {DNA} {Sequencing}: {Boosting} {Transmission} {Sensitivity} of {Graphene} {Nanogap}},
	author       = {Mittal, Sneha and Pathak, Biswarup},
	year         = 2023,
	journal      = {ACS Appl. Bio Mater.},
	volume       = 6,
	number       = 1,
	pages        = {218--227}
}
@article{mittal_towards_2023,
	title        = {Towards a graphene semi/hybrid-nanogap: a new architecture for ultrafast {DNA} sequencing},
	author       = {Mittal, Sneha and Pathak, Biswarup},
	year         = 2023,
	journal      = {Nanoscale},
	volume       = 15,
	number       = 2,
	pages        = {757--767}
}
@article{jena_development_2023,
	title        = {Development of an {Artificially} {Intelligent} {Nanopore} for {High}-{Throughput} {DNA} {Sequencing} with a {Machine}-{Learning}-{Aided} {Quantum}-{Tunneling} {Approach}},
	author       = {Jena, Milan Kumar and Pathak, Biswarup},
	year         = 2023,
	journal      = {Nano Lett.},
	volume       = 23,
	number       = 7,
	pages        = {2511--2521}
}
@article{shankar_dna_2012,
	title        = {{DNA} {Base} {Dimers} {Are} {Stabilized} by {Hydrogen}-{Bonding} {Interactions} {Including} {Non}-{Watson}–{Crick} {Pairing} {Near} {Graphite} {Surfaces}},
	author       = {Shankar, Akshaya and Jagota, Anand and Mittal, Jeetain},
	year         = 2012,
	journal      = {J. Phys. Chem. B},
	volume       = 116,
	number       = 40,
	pages        = {12088--12094}
}
@article{spiwok_free-energy_2011,
	title        = {Free-{Energy} {Simulations} of {Hydrogen} {Bonding} versus {Stacking} of {Nucleobases} on a {Graphene} {Surface}},
	author       = {Spiwok, Vojtěch and Hobza, Pavel and Řezáč, Jan},
	year         = 2011,
	journal      = {J. Phys. Chem. C},
	volume       = 115,
	number       = 40,
	pages        = {19455--19462}
}
@article{li_unraveling_2015,
	title        = {Unraveling the mechanism of selective ion transport in hydrophobic subnanometer channels},
	author       = {Li, Hui and Francisco, Joseph S. and Zeng, Xiao Cheng},
	year         = 2015,
	journal      = {Proc. Natl. Acad. Sci. U.S.A.},
	volume       = 112,
	number       = 35,
	pages        = {10851--10856}
}
@article{phillips_scalable_2020,
	title        = {Scalable molecular dynamics on {CPU} and {GPU} architectures with {NAMD}},
	author       = {Phillips, James C. and Hardy, David J. and Maia, Julio D. C. and Stone, John E. and Ribeiro, João V. and Bernardi, Rafael C. and Buch, Ronak and Fiorin, Giacomo and Hénin, Jérôme and Jiang, Wei and McGreevy, Ryan and Melo, Marcelo C. R. and Radak, Brian K. and Skeel, Robert D. and Singharoy, Abhishek and Wang, Yi and Roux, Benoît and Aksimentiev, Aleksei and Luthey-Schulten, Zaida and Kalé, Laxmikant V. and Schulten, Klaus and Chipot, Christophe and Tajkhorshid, Emad},
	year         = 2020,
	journal      = {J. Chem. Phys.},
	volume       = 153,
	number       = 4,
	pages        = {044130}
}
@article{kim_theoretical_2004,
	title        = {Theoretical {Investigations} of {Anion}−π {Interactions}: {The} {Role} of {Anions} and the {Nature} of π {Systems}},
	author       = {Kim, Dongwook and Tarakeshwar, P. and Kim, Kwang S.},
	year         = 2004,
	journal      = {J. Phys. Chem. A},
	volume       = 108,
	number       = 7,
	pages        = {1250--1258}
}
@article{ranganathan_complex_2016,
	title        = {Complex {Thermodynamic} {Behavior} of {Single}-{Stranded} {Nucleic} {Acid} {Adsorption} to {Graphene} {Surfaces}},
	author       = {Ranganathan, Srivathsan V. and Halvorsen, Ken and Myers, Chris A. and Robertson, Neil M. and Yigit, Mehmet V. and Chen, Alan A.},
	year         = 2016,
	journal      = {Langmuir},
	volume       = 32,
	number       = 24,
	pages        = {6028--6034}
}
@article{haque_solid-state_2013,
	title        = {Solid-state and biological nanopore for real-time sensing of single chemical and sequencing of {DNA}},
	author       = {Haque, Farzin and Li, Jinghong and Wu, Hai-Chen and Liang, Xing-Jie and Guo, Peixuan},
	year         = 2013,
	journal      = {Nano Today},
	volume       = 8,
	number       = 1,
	pages        = {56--74}
}
@article{eastman_openmm_2010,
	title        = {{OpenMM}: {A} {Hardware}-{Independent} {Framework} for {Molecular} {Simulations}},
	author       = {Eastman, Peter and Pande, Vijay},
	year         = 2010,
	journal      = {Comput. Sci. Eng.},
	volume       = 12,
	number       = 4,
	pages        = {34--39}
}
@article{eastman_openmm_2017,
	title        = {{OpenMM} 7: {Rapid} development of high performance algorithms for molecular dynamics},
	author       = {Eastman, Peter and Swails, Jason and Chodera, John D. and McGibbon, Robert T. and Zhao, Yutong and Beauchamp, Kyle A. and Wang, Lee-Ping and Simmonett, Andrew C. and Harrigan, Matthew P. and Stern, Chaya D. and Wiewiora, Rafal P. and Brooks, Bernard R. and Pande, Vijay S.},
	year         = 2017,
	journal      = {PLoS Comput Biol},
	volume       = 13,
	number       = 7,
	pages        = {e1005659},
	editor       = {Gentleman, Robert}
}
@article{manyana_hiv-1_2021,
	title        = {{HIV}-1 {Drug} {Resistance} {Genotyping} in {Resource} {Limited} {Settings}: {Current} and {Future} {Perspectives} in {Sequencing} {Technologies}},
	author       = {Manyana, Sontaga and Gounder, Lilishia and Pillay, Melendhran and Manasa, Justen and Naidoo, Kogieleum and Chimukangara, Benjamin},
	year         = 2021,
	journal      = {Viruses},
	volume       = 13,
	number       = 6,
	pages        = 1125
}
@article{qiu_intrinsic_2015,
	title        = {Intrinsic {Stepwise} {Translocation} of {Stretched} {ssDNA} in {Graphene} {Nanopores}},
	author       = {Qiu, Hu and Sarathy, Aditya and Leburton, Jean-Pierre and Schulten, Klaus},
	year         = 2015,
	journal      = {Nano Lett.},
	volume       = 15,
	number       = 12,
	pages        = {8322--8330}
}
@article{shankla_step-defect_2019,
	title        = {Step-defect guided delivery of {DNA} to a graphene nanopore},
	author       = {Shankla, Manish and Aksimentiev, Aleksei},
	year         = 2019,
	journal      = {Nat. Nanotechnol.},
	volume       = 14,
	number       = 9,
	pages        = {858--865}
}
@article{yang_translocation_2021,
	title        = {Translocation of {DNA} through {Ultrathin} {Nanoslits}},
	author       = {Yang, Wayne and Radha, Boya and Choudhary, Adnan and You, Yi and Mettela, Gangaiah and Geim, Andre K. and Aksimentiev, Aleksei and Keerthi, Ashok and Dekker, Cees},
	year         = 2021,
	journal      = {Adv. Mater.},
	volume       = 33,
	number       = 11,
	pages        = 2007682
}
@article{grubmuller_generalized_1991,
	title        = {Generalized {Verlet} {Algorithm} for {Efficient} {Molecular} {Dynamics} {Simulations} with {Long}-range {Interactions}},
	author       = {Grubmüller, H. and Heller, H. and Windemuth, A. and Schulten, K.},
	year         = 1991,
	journal      = {Molecular Simulation},
	volume       = 6,
	number       = {1-3},
	pages        = {121--142}
}
@article{gronbech-jensen_simple_2013,
	title        = {A simple and effective {Verlet}-type algorithm for simulating {Langevin} dynamics},
	author       = {Grønbech-Jensen, Niels and Farago, Oded},
	year         = 2013,
	journal      = {Molecular Physics},
	volume       = 111,
	number       = 8,
	pages        = {983--991}
}
@article{paterlini_constant_1998,
	title        = {Constant temperature simulations using the {Langevin} equation with velocity {Verlet} integration},
	author       = {Paterlini, M.Germana and Ferguson, David M},
	year         = 1998,
	journal      = {Chemical Physics},
	volume       = 236,
	number       = {1-3},
	pages        = {243--252}
}
@article{marry_trotter_2007,
	title        = {Trotter derived algorithms for molecular dynamics with constraints: {Velocity} {Verlet} revisited},
	author       = {Marry, V. and Ciccotti, G.},
	year         = 2007,
	journal      = {Journal of Computational Physics},
	volume       = 222,
	number       = 1,
	pages        = {428--440}
}
@article{van_gunsteren_leap-frog_1988,
	title        = {A {Leap}-frog {Algorithm} for {Stochastic} {Dynamics}},
	author       = {Van Gunsteren, W. F. and Berendsen, H. J. C.},
	year         = 1988,
	journal      = {Molecular Simulation},
	volume       = 1,
	number       = 3,
	pages        = {173--185}
}
@article{toxvaerd_algorithms_1991,
	title        = {Algorithms for canonical molecular dynamics simulations},
	author       = {Toxvaerd, Søren},
	year         = 1991,
	journal      = {Molecular Physics},
	volume       = 72,
	number       = 1,
	pages        = {159--168}
}
@incollection{ng_whole_2010,
	title        = {Whole {Genome} {Sequencing}},
	author       = {Ng, Pauline C. and Kirkness, Ewen F.},
	year         = 2010,
	booktitle    = {Genetic {Variation}: {Methods} and {Protocols}},
	publisher    = {Humana Press},
	address      = {Totowa, NJ},
	pages        = {215--226},
	isbn         = {978-1-60327-367-1},
	editor       = {Barnes, Michael R. and Breen, Gerome}
}
@article{ryckaert_numerical_1977,
	title        = {Numerical integration of the cartesian equations of motion of a system with constraints: molecular dynamics of n-alkanes},
	author       = {Ryckaert, Jean-Paul and Ciccotti, Giovanni and Berendsen, Herman J.C},
	year         = 1977,
	journal      = {Journal of Computational Physics},
	volume       = 23,
	number       = 3,
	pages        = {327--341}
}
@article{vorobyov_polarizable_2005,
	title        = {Polarizable {Empirical} {Force} {Field} for {Alkanes} {Based} on the {Classical} {Drude} {Oscillator} {Model}},
	author       = {Vorobyov, Igor V. and Anisimov, Victor M. and MacKerell, Alexander D.},
	year         = 2005,
	journal      = {J. Phys. Chem. B},
	volume       = 109,
	number       = 40,
	pages        = {18988--18999}
}
@article{zhu_polarizable_2010,
	title        = {Polarizable empirical force field for sulfur-containing compounds based on the classical {Drude} oscillator model},
	author       = {Zhu, Xiao and Mackerell, Alexander D.},
	year         = 2010,
	journal      = {J. Comput. Chem.},
	pages        = {NA--NA}
}
@article{lopes_polarizable_2009,
	title        = {Polarizable empirical force field for nitrogen-containing heteroaromatic compounds based on the classical {Drude} oscillator},
	author       = {Lopes, Pedro E. M. and Lamoureux, Guillaume and Mackerell, Alexander D.},
	year         = 2009,
	journal      = {J. Comput. Chem.},
	volume       = 30,
	number       = 12,
	pages        = {1821--1838}
}
@article{lopes_polarizable_2007,
	title        = {Polarizable {Empirical} {Force} {Field} for {Aromatic} {Compounds} {Based} on the {Classical} {Drude} {Oscillator}},
	author       = {Lopes, Pedro E. M. and Lamoureux, Guillaume and Roux, Benoît and MacKerell, Alexander D.},
	year         = 2007,
	journal      = {J. Phys. Chem. B},
	volume       = 111,
	number       = 11,
	pages        = {2873--2885}
}
@article{pandey_drude_2019,
	title        = {Drude {Polarizable} {Force} {Field} {Parametrization} of {Carboxylate} and \textit{{N}} -{Acetyl} {Amine} {Carbohydrate} {Derivatives}},
	author       = {Pandey, Poonam and Aytenfisu, Asaminew H. and MacKerell, Alexander D. and Mallajosyula, Sairam S.},
	year         = 2019,
	journal      = {J. Chem. Theory Comput.},
	volume       = 15,
	number       = 9,
	pages        = {4982--5000}
}
@article{comer_adaptive_2015,
	title        = {The {Adaptive} {Biasing} {Force} {Method}: {Everything} {You} {Always} {Wanted} {To} {Know} but {Were} {Afraid} {To} {Ask}},
	author       = {Comer, Jeffrey and Gumbart, James C. and Hénin, Jérôme and Lelièvre, Tony and Pohorille, Andrew and Chipot, Christophe},
	year         = 2015,
	journal      = {J. Phys. Chem. B},
	volume       = 119,
	number       = 3,
	pages        = {1129--1151}
}
@article{woodcock_isothermal_1971,
	title        = {Isothermal molecular dynamics calculations for liquid salts},
	author       = {Woodcock, L.V.},
	year         = 1971,
	journal      = {Chemical Physics Letters},
	volume       = 10,
	number       = 3,
	pages        = {257--261}
}
@article{berendsen_molecular_1984,
	title        = {Molecular dynamics with coupling to an external bath},
	author       = {Berendsen, H. J. C. and Postma, J. P. M. and Van Gunsteren, W. F. and DiNola, A. and Haak, J. R.},
	year         = 1984,
	journal      = {The Journal of Chemical Physics},
	volume       = 81,
	number       = 8,
	pages        = {3684--3690}
}
@article{nose_molecular_1984,
	title        = {A molecular dynamics method for simulations in the canonical ensemble},
	author       = {Nosé, Shūichi},
	year         = 1984,
	journal      = {Molecular Physics},
	volume       = 52,
	number       = 2,
	pages        = {255--268}
}
@article{hoover_canonical_1985,
	title        = {Canonical dynamics: {Equilibrium} phase-space distributions},
	author       = {Hoover, William G.},
	year         = 1985,
	journal      = {Phys. Rev. A},
	volume       = 31,
	number       = 3,
	pages        = {1695--1697}
}
@article{andersen_molecular_1980,
	title        = {Molecular dynamics simulations at constant pressure and/or temperature},
	author       = {Andersen, Hans C.},
	year         = 1980,
	journal      = {The Journal of Chemical Physics},
	volume       = 72,
	number       = 4,
	pages        = {2384--2393}
}
@article{schneider_molecular-dynamics_1978,
	title        = {Molecular-dynamics study of a three-dimensional one-component model for distortive phase transitions},
	author       = {Schneider, T. and Stoll, E.},
	year         = 1978,
	journal      = {Phys. Rev. B},
	volume       = 17,
	number       = 3,
	pages        = {1302--1322}
}
@article{martyna_constant_1994,
	title        = {Constant pressure molecular dynamics algorithms},
	author       = {Martyna, Glenn J. and Tobias, Douglas J. and Klein, Michael L.},
	year         = 1994,
	journal      = {The Journal of Chemical Physics},
	volume       = 101,
	number       = 5,
	pages        = {4177--4189}
}
@article{feller_constant_1995,
	title        = {Constant pressure molecular dynamics simulation: {The} {Langevin} piston method},
	author       = {Feller, Scott E. and Zhang, Yuhong and Pastor, Richard W. and Brooks, Bernard R.},
	year         = 1995,
	journal      = {The Journal of Chemical Physics},
	volume       = 103,
	number       = 11,
	pages        = {4613--4621}
}
@article{kognole_extension_2022,
	title        = {Extension of the {CHARMM} {Classical} {Drude} {Polarizable} {Force} {Field} to {N}- and {O}-{Linked} {Glycopeptides} and {Glycoproteins}},
	author       = {Kognole, Abhishek A. and Aytenfisu, Asaminew H. and MacKerell, Alexander D.},
	year         = 2022,
	journal      = {J. Phys. Chem. B},
	volume       = 126,
	number       = 35,
	pages        = {6642--6653}
}
@article{he_polarizable_2013,
	title        = {Polarizable {Empirical} {Force} {Field} for {Acyclic} {Polyalcohols} {Based} on the {Classical} {Drude} {Oscillator}: {Polarizable} {Force} {Field} for {Acyclic} {Polyols}},
	author       = {He, Xibing and Lopes, Pedro E. M. and MacKerell, Alexander D.},
	year         = 2013,
	journal      = {Biopolymers},
	volume       = 99,
	number       = 10,
	pages        = {724--738}
}
@article{rochefort_interaction_2009,
	title        = {Interaction of {Substituted} {Aromatic} {Compounds} with {Graphene}},
	author       = {Rochefort, Alain and Wuest, James D.},
	year         = 2009,
	journal      = {Langmuir},
	volume       = 25,
	number       = 1,
	pages        = {210--215}
}
@article{alzahrani_first-principles_2010,
	title        = {First-principles study on the structural and electronic properties of graphene upon benzene and naphthalene adsorption},
	author       = {AlZahrani, A.Z.},
	year         = 2010,
	journal      = {Applied Surface Science},
	volume       = 257,
	number       = 3,
	pages        = {807--810}
}
@article{zhang_tuning_2010,
	title        = {Tuning the electronic structure and transport properties of graphene by noncovalent functionalization: effects of organic donor, acceptor and metal atoms},
	author       = {Zhang, Yong-Hui and Zhou, Kai-Ge and Xie, Ke-Feng and Zeng, Jing and Zhang, Hao-Li and Peng, Yong},
	year         = 2010,
	journal      = {Nanotechnology},
	volume       = 21,
	number       = 6,
	pages        = {065201}
}
@article{kozlov_interaction_2012,
	title        = {On the interaction of polycyclic aromatic compounds with graphene},
	author       = {Kozlov, Sergey M. and Viñes, Francesc and Görling, Andreas},
	year         = 2012,
	journal      = {Carbon},
	volume       = 50,
	number       = 7,
	pages        = {2482--2492}
}
@article{leenaerts_adsorption_2009,
	title        = {Adsorption of small molecules on graphene},
	author       = {Leenaerts, O. and Partoens, B. and Peeters, F.M.},
	year         = 2009,
	journal      = {Microelectronics Journal},
	volume       = 40,
	number       = {4-5},
	pages        = {860--862}
}
@article{lazar_adsorption_2013,
	title        = {Adsorption of {Small} {Organic} {Molecules} on {Graphene}},
	author       = {Lazar, Petr and Karlický, František and Jurečka, Petr and Kocman, Mikuláš and Otyepková, Eva and Šafářová, Klára and Otyepka, Michal},
	year         = 2013,
	journal      = {J. Am. Chem. Soc.},
	volume       = 135,
	number       = 16,
	pages        = {6372--6377}
}
@article{shen_adsorption_2021,
	title        = {Adsorption of {Organic} {Molecules} and {Surfactants} on {Graphene}: {A} {Coarse}-{Grained} {Study}},
	author       = {Shen, Hujun and Zou, Xuefeng and Yang, Hengxiu and Zhong, Wenhui and Wang, Yu and Wang, Shuiyi and Deng, Mingsen},
	year         = 2021,
	journal      = {J. Phys. Chem. A},
	volume       = 125,
	number       = 2,
	pages        = {700--711}
}
@article{saha_density_2018,
	title        = {Density {Functional} {Study} on the {Adsorption} of 5-{Membered} {N}-{Heterocycles} on {B}/{N}/{BN}-{Doped} {Graphene}: {Coronene} as a {Model} {System}},
	author       = {Saha, Bapan and Bhattacharyya, Pradip Kr.},
	year         = 2018,
	journal      = {ACS Omega},
	volume       = 3,
	number       = 12,
	pages        = {16753--16768}
}
@article{vovusha_adsorption_2015,
	title        = {Adsorption of nucleobases on {2D} transition-metal dichalcogenides and graphene sheet: a first principles density functional theory study},
	author       = {Vovusha, Hakkim and Sanyal, Biplab},
	year         = 2015,
	journal      = {RSC Adv.},
	volume       = 5,
	number       = 83,
	pages        = {67427--67434}
}
@article{panigrahi_interaction_2012,
	title        = {Interaction of {Nucleobases} with {Wrinkled} {Graphene} {Surface}: {Dispersion} {Corrected} {DFT} and {AFM} {Studies}},
	author       = {Panigrahi, Swati and Bhattacharya, Anuradha and Banerjee, Sangam and Bhattacharyya, Dhananjay},
	year         = 2012,
	journal      = {J. Phys. Chem. C},
	volume       = 116,
	number       = 7,
	pages        = {4374--4379}
}
@article{cortes-arriagada_intermolecular_2021,
	title        = {Intermolecular driving forces on the adsorption of {DNA}/{RNA} nucleobases to graphene and phosphorene: {An} atomistic perspective from {DFT} calculations},
	author       = {Cortés-Arriagada, Diego},
	year         = 2021,
	journal      = {Journal of Molecular Liquids},
	volume       = 325,
	pages        = 115229
}
@article{bhai_probing_2020,
	title        = {Probing the {Interaction} of {Nucleobases} and {Fluorophore}‐{Tagged} {Nucleobases} with {Graphene} {Surface}: {Adsorption} and {Fluorescence} {Studies}},
	author       = {Bhai, Surjit and Ganguly, Bishwajit},
	year         = 2020,
	journal      = {ChemistrySelect},
	volume       = 5,
	number       = 11,
	pages        = {3191--3200}
}
@article{cortes-arriagada_phosphorene_2018,
	title        = {Phosphorene as a {Template} {Material} for {Physisorption} of {DNA}/{RNA} {Nucleobases} and {Resembling} of {Base} {Pairs}: {A} {Cluster} {DFT} {Study} and {Comparisons} with {Graphene}},
	author       = {Cortés-Arriagada, Diego},
	year         = 2018,
	journal      = {J. Phys. Chem. C},
	volume       = 122,
	number       = 9,
	pages        = {4870--4880}
}
@article{le_physisorption_2012,
	title        = {Physisorption of nucleobases on graphene: a comparative van der {Waals} study},
	author       = {Le, Duy and Kara, Abdelkader and Schröder, Elsebeth and Hyldgaard, Per and Rahman, Talat S},
	year         = 2012,
	journal      = {J. Phys.: Condens. Matter},
	volume       = 24,
	number       = 42,
	pages        = 424210
}
@article{ciesielski_dynamers_2010,
	title        = {Dynamers at the {Solid}-{Liquid} {Interface}: {Controlling} the {Reversible} {Assembly}/{Reassembly} {Process} between {Two} {Highly} {Ordered} {Supramolecular} {Guanine} {Motifs}},
	author       = {Ciesielski, Artur and Lena, Stefano and Masiero, Stefano and Spada, Gian Piero and Samorì, Paolo},
	year         = 2010,
	journal      = {Angewandte Chemie International Edition},
	volume       = 49,
	number       = 11,
	pages        = {1963--1966}
}
@article{gottarelli_self-assembly_2000,
	title        = {The {Self}-{Assembly} of {Lipophilic} {Guanosine} {Derivatives} in {Solution} and on {Solid} {Surfaces}},
	author       = {Gottarelli, Giovanni and Masiero, Stefano and Mezzina, Elisabetta and Pieraccini, Silvia and Rabe, Jürgen P. and Samorí, Paolo and Spada, Gian Piero},
	year         = 2000,
	journal      = {Chemistry – A European Journal},
	volume       = 6,
	number       = 17,
	pages        = {3242--3248},
	keywords     = {guanine, NMR spectroscopy, scanning probe microscopy, self-assembly}
}
@article{li_molecular_2013,
	title        = {Molecular dynamics study of {DNA} translocation through graphene nanopores},
	author       = {Li, Jiapeng and Zhang, Yan and Yang, Juekuan and Bi, Kedong and Ni, Zhonghua and Li, Deyu and Chen, Yunfei},
	year         = 2013,
	journal      = {Phys. Rev. E},
	volume       = 87,
	number       = 6,
	pages        = {062707}
}
@article{lv_impact_2013,
	title        = {The impact of the number of layers of a graphene nanopore on {DNA} translocation},
	author       = {Lv, Wenping and Chen, Maodu and Wu, Ren'an},
	year         = 2013,
	journal      = {Soft Matter},
	volume       = 9,
	number       = 3,
	pages        = {960--966}
}
@article{balasubramanian_dna_2021,
	title        = {{DNA} {Translocation} through {Vertically} {Stacked} {2D} {Layers} of {Graphene} and {Hexagonal} {Boron} {Nitride} {Heterostructure} {Nanopore}},
	author       = {Balasubramanian, Ramkumar and Pal, Sohini and Rao, Anjana and Naik, Akshay and Chakraborty, Banani and Maiti, Prabal K. and Varma, Manoj M.},
	year         = 2021,
	journal      = {ACS Appl. Bio Mater.},
	volume       = 4,
	number       = 1,
	pages        = {451--461}
}
@article{almuqrin_structural_2021,
	title        = {Structural study of letrozole and metronidazole and formation of self-assembly with graphene and fullerene with the enhancement of physical, chemical and biological activities},
	author       = {Almuqrin, Aljawhara H. and Al-Otaibi, Jamelah S. and Mary, Y. Sheena and Mary, Y. Shyma and Thomas, Renjith},
	year         = 2021,
	journal      = {Journal of Biomolecular Structure and Dynamics},
	volume       = 39,
	number       = 15,
	pages        = {5509--5515}
}
@article{jarvinen_self-assembly_2014,
	title        = {Self-{Assembly} and {Orbital} {Imaging} of {Metal} {Phthalocyanines} on a {Graphene} {Model} {Surface}},
	author       = {Järvinen, Päivi and Hämäläinen, Sampsa K. and Ijäs, Mari and Harju, Ari and Liljeroth, Peter},
	year         = 2014,
	journal      = {J. Phys. Chem. C},
	volume       = 118,
	number       = 24,
	pages        = {13320--13325}
}
@article{mirzaei_modifying_2012,
	title        = {Modifying a graphene layer by a thymine or a uracil nucleobase: {DFT} studies},
	author       = {Mirzaei, Mahmoud and Ravi, Saeedeh and Yousefi, Mohammad},
	year         = 2012,
	journal      = {Superlattices and Microstructures},
	volume       = 52,
	number       = 2,
	pages        = {306--311}
}
@article{caridad_biosupramolecular_2018,
	title        = {A biosupramolecular approach to graphene: {Complementary} nucleotide-nucleobase combinations as enhanced stabilizers towards aqueous-phase exfoliation and functional graphene-nucleotide hydrogels},
	author       = {Caridad, B. and Paredes, J. I. and Pérez–Vidal, O. and Villar–Rodil, S. and Pagán, A. and Cenis, J. L. and Martínez-Alonso, A. and Tascón, J. M. D.},
	year         = 2018,
	journal      = {Carbon},
	volume       = 129,
	pages        = {321--334}
}
@article{mohanty_graphene-based_2008,
	title        = {Graphene-{Based} {Single}-{Bacterium} {Resolution} {Biodevice} and {DNA} {Transistor}: {Interfacing} {Graphene} {Derivatives} with {Nanoscale} and {Microscale} {Biocomponents}},
	author       = {Mohanty, Nihar and Berry, Vikas},
	year         = 2008,
	journal      = {Nano Lett.},
	volume       = 8,
	number       = 12,
	pages        = {4469--4476}
}
@article{ohno_label-free_2010,
	title        = {Label-{Free} {Biosensors} {Based} on {Aptamer}-{Modified} {Graphene} {Field}-{Effect} {Transistors}},
	author       = {Ohno, Yasuhide and Maehashi, Kenzo and Matsumoto, Kazuhiko},
	year         = 2010,
	journal      = {J. Am. Chem. Soc.},
	volume       = 132,
	number       = 51,
	pages        = {18012--18013}
}
@article{chen_electronic_2012,
	title        = {Electronic {Detection} of {Lectins} {Using} {Carbohydrate}-{Functionalized} {Nanostructures}: {Graphene} \textit{versus} {Carbon} {Nanotubes}},
	author       = {Chen, Yanan and Vedala, Harindra and Kotchey, Gregg P. and Audfray, Aymeric and Cecioni, Samy and Imberty, Anne and Vidal, Sébastien and Star, Alexander},
	year         = 2012,
	journal      = {ACS Nano},
	volume       = 6,
	number       = 1,
	pages        = {760--770}
}
@article{he_graphene_2010,
	title        = {A {Graphene} {Nanoprobe} for {Rapid}, {Sensitive}, and {Multicolor} {Fluorescent} {DNA} {Analysis}},
	author       = {He, Shijiang and Song, Bo and Li, Di and Zhu, Changfeng and Qi, Wenpeng and Wen, Yanqin and Wang, Lihua and Song, Shiping and Fang, Haiping and Fan, Chunhai},
	year         = 2010,
	journal      = {Adv. Funct. Mater.},
	volume       = 20,
	number       = 3,
	pages        = {453--459}
}
@article{laref_characterization_2013,
	title        = {Characterization of graphene–fullerene interactions: {Insights} from density functional theory},
	author       = {Laref, S. and Asaduzzaman, A.M. and Beck, W. and Deymier, P.A. and Runge, K. and Adamowicz, L. and Muralidharan, K.},
	year         = 2013,
	journal      = {Chemical Physics Letters},
	volume       = 582,
	pages        = {115--118}
}
@article{manna_computational_2013,
	title        = {Computational {Studies} on {Non}-covalent {Interactions} of {Carbon} and {Boron} {Fullerenes} with {Graphene}},
	author       = {Manna, Arun K. and Pati, Swapan K.},
	year         = 2013,
	journal      = {ChemPhysChem},
	volume       = 14,
	number       = 9,
	pages        = {1844--1852}
}
@article{grimme_noncovalent_2007,
	title        = {Noncovalent {Interactions} between {Graphene} {Sheets} and in {Multishell} ({Hyper}){Fullerenes}},
	author       = {Grimme, Stefan and Mück-Lichtenfeld, Christian and Antony, Jens},
	year         = 2007,
	journal      = {J. Phys. Chem. C},
	volume       = 111,
	number       = 30,
	pages        = {11199--11207}
}
@article{cortes-arriagada_chemical_2019,
	title        = {Chemical and {Physical} {Viewpoints} {About} the {Bonding} in {Fullerene}–{Graphene} {Hybrid} {Materials}: {Interaction} on {Pristine} and {Fe}-{Doped} {Graphene}},
	author       = {Cortes-Arriagada, Diego and Sanhueza, Luis and Bautista-Hernandez, Alejandro and Salazar-Villanueva, M. and Chigo Anota, Ernesto},
	year         = 2019,
	journal      = {J. Phys. Chem. C},
	volume       = 123,
	number       = 39,
	pages        = {24209--24219}
}
@article{svec_van_2012,
	title        = {van der {Waals} interactions mediating the cohesion of fullerenes on graphene},
	author       = {Švec, M. and Merino, P. and Dappe, Y. J. and González, C. and Abad, E. and Jelínek, P. and Martín-Gago, J. A.},
	year         = 2012,
	journal      = {Phys. Rev. B},
	volume       = 86,
	number       = 12,
	pages        = 121407
}
@article{meena_devi_simulation_2019,
	title        = {Simulation of graphene–fullerene nanohybrid structure},
	author       = {Meena Devi, J},
	year         = 2019,
	journal      = {Bull Mater Sci},
	volume       = 42,
	number       = 2,
	pages        = 75
}
@article{matkovic_probing_2017,
	title        = {Probing charge transfer between molecular semiconductors and graphene},
	author       = {Matković, Aleksandar and Kratzer, Markus and Kaufmann, Benjamin and Vujin, Jasna and Gajić, Radoš and Teichert, Christian},
	year         = 2017,
	journal      = {Sci Rep},
	volume       = 7,
	number       = 1,
	pages        = 9544
}
@article{zhang_preparation_2010,
	title        = {Preparation of a graphene oxide–phthalocyanine hybrid through strong π–π interactions},
	author       = {Zhang, Xuequan and Feng, Yiyu and Tang, Saide and Feng, Wei},
	year         = 2010,
	journal      = {Carbon},
	volume       = 48,
	number       = 1,
	pages        = {211--216}
}
@article{scardamaglia_energetics_2013,
	title        = {Energetics and {Hierarchical} {Interactions} of {Metal}–{Phthalocyanines} {Adsorbed} on {Graphene}/{Ir}(111)},
	author       = {Scardamaglia, Mattia and Struzzi, Claudia and Lizzit, Silvano and Dalmiglio, Matteo and Lacovig, Paolo and Baraldi, Alessandro and Mariani, Carlo and Betti, Maria Grazia},
	year         = 2013,
	journal      = {Langmuir},
	volume       = 29,
	number       = 33,
	pages        = {10440--10447}
}
@article{dou_moleculesubstrate_2011,
	title        = {Molecule–substrate interaction channels of metal-phthalocyanines on graphene on {Ni}(111) surface},
	author       = {Dou, Weidong and Huang, Shuping and Zhang, R. Q. and Lee, C. S.},
	year         = 2011,
	journal      = {The Journal of Chemical Physics},
	volume       = 134,
	number       = 9,
	pages        = {094705}
}
@article{su_composites_2009,
	title        = {Composites of {Graphene} with {Large} {Aromatic} {Molecules}},
	author       = {Su, Qi and Pang, Shuping and Alijani, Vajiheh and Li, Chen and Feng, Xinliang and Müllen, Klaus},
	year         = 2009,
	journal      = {Adv. Mater.},
	volume       = 21,
	number       = 31,
	pages        = {3191--3195}
}
@article{hamalainen_self-assembly_2012,
	title        = {Self-{Assembly} of {Cobalt}-{Phthalocyanine} {Molecules} on {Epitaxial} {Graphene} on {Ir}(111)},
	author       = {Hämäläinen, Sampsa K. and Stepanova, Mariia and Drost, Robert and Liljeroth, Peter and Lahtinen, Jouko and Sainio, Jani},
	year         = 2012,
	journal      = {J. Phys. Chem. C},
	volume       = 116,
	number       = 38,
	pages        = {20433--20437}
}
@article{griessl_self-assembled_2002,
	title        = {Self-{Assembled} {Two}-{Dimensional} {Molecular} {Host}-{Guest} {Architectures} {From} {Trimesic} {Acid}},
	author       = {Griessl, Stefan and Lackinger, Markus and Edelwirth, Michael and Hietschold, Michael and Heckl, Wolfgang M.},
	year         = 2002,
	journal      = {Single Molecules},
	volume       = 3,
	number       = 1,
	pages        = {25--31},
	keywords     = {host-guest system, hydrogen bonds, molecular self-assembly, STM, Trimesic Acid (TMA)}
}
@article{traversi_detecting_2013,
	title        = {Detecting the translocation of {DNA} through a nanopore using graphene nanoribbons},
	author       = {Traversi, F. and Raillon, C. and Benameur, S. M. and Liu, K. and Khlybov, S. and Tosun, M. and Krasnozhon, D. and Kis, A. and Radenovic, A.},
	year         = 2013,
	journal      = {Nature Nanotech},
	volume       = 8,
	number       = 12,
	pages        = {939--945}
}
@article{heerema_probing_2018,
	title        = {Probing {DNA} {Translocations} with {Inplane} {Current} {Signals} in a {Graphene} {Nanoribbon} with a {Nanopore}},
	author       = {Heerema, Stephanie J. and Vicarelli, Leonardo and Pud, Sergii and Schouten, Raymond N. and Zandbergen, Henny W. and Dekker, Cees},
	year         = 2018,
	journal      = {ACS Nano},
	volume       = 12,
	number       = 3,
	pages        = {2623--2633}
}
@article{heerema_1f_2015,
	title        = {1/f noise in graphene nanopores},
	author       = {Heerema, S J and Schneider, G F and Rozemuller, M and Vicarelli, L and Zandbergen, H W and Dekker, C},
	year         = 2015,
	journal      = {Nanotechnology},
	volume       = 26,
	number       = 7,
	pages        = {074001}
}
@article{kumar_noise_2013,
	title        = {Noise and its reduction in graphene based nanopore devices},
	author       = {Kumar, Ashvani and Park, Kyeong-Beom and Kim, Hyun-Mi and Kim, Ki-Bum},
	year         = 2013,
	journal      = {Nanotechnology},
	volume       = 24,
	number       = 49,
	pages        = 495503
}
@article{qiu_detection_2017,
	title        = {Detection and mapping of {DNA} methylation with {2D} material nanopores},
	author       = {Qiu, Hu and Sarathy, Aditya and Schulten, Klaus and Leburton, Jean-Pierre},
	year         = 2017,
	journal      = {npj 2D Mater Appl},
	volume       = 1,
	number       = 1,
	pages        = 3
}
@article{qiu_electrically_2016,
	title        = {Electrically {Tunable} {Quenching} of {DNA} {Fluctuations} in {Biased} {Solid}-{State} {Nanopores}},
	author       = {Qiu, Hu and Girdhar, Anuj and Schulten, Klaus and Leburton, Jean-Pierre},
	year         = 2016,
	journal      = {ACS Nano},
	volume       = 10,
	number       = 4,
	pages        = {4482--4488}
}
@article{lv_spatial_2014,
	title        = {Spatial blockage of ionic current for electrophoretic translocation of {DNA} through a graphene nanopore: {Nanoanalysis}},
	author       = {Lv, Wenping and Liu, Shengju and Li, Xin and Wu, Ren'an},
	year         = 2014,
	journal      = {ELECTROPHORESIS},
	volume       = 35,
	number       = 8,
	pages        = {1144--1151}
}
@article{cherf_automated_2012,
	title        = {Automated forward and reverse ratcheting of {DNA} in a nanopore at 5-Å precision},
	author       = {Cherf, Gerald M and Lieberman, Kate R and Rashid, Hytham and Lam, Christopher E and Karplus, Kevin and Akeson, Mark},
	year         = 2012,
	journal      = {Nat Biotechnol},
	volume       = 30,
	number       = 4,
	pages        = {344--348}
}
@article{manrao_reading_2012,
	title        = {Reading {DNA} at single-nucleotide resolution with a mutant {MspA} nanopore and phi29 {DNA} polymerase},
	author       = {Manrao, Elizabeth A and Derrington, Ian M and Laszlo, Andrew H and Langford, Kyle W and Hopper, Matthew K and Gillgren, Nathaniel and Pavlenok, Mikhail and Niederweis, Michael and Gundlach, Jens H},
	year         = 2012,
	journal      = {Nat Biotechnol},
	volume       = 30,
	number       = 4,
	pages        = {349--353}
}
@article{sutherland_structure_2004,
	title        = {Structure of {Peptides} {Investigated} by {Nanopore} {Analysis}},
	author       = {Sutherland, Todd C. and Long, Yi-Tao and Stefureac, Radu-Ioan and Bediako-Amoa, Irene and Kraatz, Heinz-Bernhard and Lee, Jeremy S.},
	year         = 2004,
	journal      = {Nano Lett.},
	volume       = 4,
	number       = 7,
	pages        = {1273--1277}
}
@article{chuah_nanopore_2019,
	title        = {Nanopore blockade sensors for ultrasensitive detection of proteins in complex biological samples},
	author       = {Chuah, Kyloon and Wu, Yanfang and Vivekchand, S. R. C. and Gaus, Katharina and Reece, Peter J. and Micolich, Adam P. and Gooding, J. Justin},
	year         = 2019,
	journal      = {Nat Commun},
	volume       = 10,
	number       = 1,
	pages        = 2109
}
@article{liu_two-way_2013,
	title        = {Two-{Way} {Nanopore} {Sensing} of {Sequence}-{Specific} {Oligonucleotides} and {Small}-{Molecule} {Targets} in {Complex} {Matrices} {Using} {Integrated} {DNA} {Supersandwich} {Structures}},
	author       = {Liu, Nannan and Jiang, Yanan and Zhou, Yahong and Xia, Fan and Guo, Wei and Jiang, Lei},
	year         = 2013,
	journal      = {Angew. Chem. Int. Ed.},
	volume       = 52,
	number       = 7,
	pages        = {2007--2011}
}
@article{cai_solid-state_2021,
	title        = {A solid-state nanopore-based single-molecule approach for label-free characterization of plant polysaccharides},
	author       = {Cai, Yao and Zhang, Baocai and Liang, Liyuan and Wang, Sen and Zhang, Lanjun and Wang, Liang and Cui, Hong-Liang and Zhou, Yihua and Wang, Deqiang},
	year         = 2021,
	journal      = {Plant Communications},
	volume       = 2,
	number       = 2,
	pages        = 100106
}
@article{goyal_use_2015,
	title        = {Use of solid-state nanopores for sensing co-translocational deformation of nano-liposomes},
	author       = {Goyal, Gaurav and Darvish, Armin and Kim, Min Jun},
	year         = 2015,
	journal      = {Analyst},
	volume       = 140,
	number       = 14,
	pages        = {4865--4873}
}
@article{baaken_high-resolution_2015,
	title        = {High-{Resolution} {Size}-{Discrimination} of {Single} {Nonionic} {Synthetic} {Polymers} with a {Highly} {Charged} {Biological} {Nanopore}},
	author       = {Baaken, Gerhard and Halimeh, Ibrahim and Bacri, Laurent and Pelta, Juan and Oukhaled, Abdelghani and Behrends, Jan C.},
	year         = 2015,
	journal      = {ACS Nano},
	volume       = 9,
	number       = 6,
	pages        = {6443--6449}
}
@article{shendure_next-generation_2008,
	title        = {Next-generation {DNA} sequencing},
	author       = {Shendure, Jay and Ji, Hanlee},
	year         = 2008,
	journal      = {Nat Biotechnol},
	volume       = 26,
	number       = 10,
	pages        = {1135--1145}
}
@article{wanunu_nanopores_2012,
	title        = {Nanopores: {A} journey towards {DNA} sequencing},
	author       = {Wanunu, Meni},
	year         = 2012,
	journal      = {Physics of Life Reviews},
	volume       = 9,
	number       = 2,
	pages        = {125--158}
}
@article{shendure_dna_2017,
	title        = {{DNA} sequencing at 40: past, present and future},
	author       = {Shendure, Jay and Balasubramanian, Shankar and Church, George M. and Gilbert, Walter and Rogers, Jane and Schloss, Jeffery A. and Waterston, Robert H.},
	year         = 2017,
	journal      = {Nature},
	volume       = 550,
	number       = 7676,
	pages        = {345--353}
}
@article{kasianowicz_characterization_1996,
	title        = {Characterization of individual polynucleotide molecules using a membrane channel},
	author       = {Kasianowicz, John J. and Brandin, Eric and Branton, Daniel and Deamer, David W.},
	year         = 1996,
	journal      = {Proc. Natl. Acad. Sci. U.S.A.},
	volume       = 93,
	number       = 24,
	pages        = {13770--13773}
}
@article{stoddart_single-nucleotide_2009,
	title        = {Single-nucleotide discrimination in immobilized {DNA} oligonucleotides with a biological nanopore},
	author       = {Stoddart, David and Heron, Andrew J. and Mikhailova, Ellina and Maglia, Giovanni and Bayley, Hagan},
	year         = 2009,
	journal      = {Proc. Natl. Acad. Sci. U.S.A.},
	volume       = 106,
	number       = 19,
	pages        = {7702--7707}
}
@article{stoddart_multiple_2010,
	title        = {Multiple {Base}-{Recognition} {Sites} in a {Biological} {Nanopore}: {Two} {Heads} are {Better} than {One}},
	author       = {Stoddart, David and Maglia, Giovanni and Mikhailova, Ellina and Heron, Andrew J. and Bayley, Hagan},
	year         = 2010,
	journal      = {Angewandte Chemie International Edition},
	volume       = 49,
	number       = 3,
	pages        = {556--559}
}
@article{faller_structure_2004,
	title        = {The {Structure} of a {Mycobacterial} {Outer}-{Membrane} {Channel}},
	author       = {Faller, Michael and Niederweis, Michael and Schulz, Georg E.},
	year         = 2004,
	journal      = {Science},
	volume       = 303,
	number       = 5661,
	pages        = {1189--1192}
}
@article{shankla_conformational_2014,
	title        = {Conformational transitions and stop-and-go nanopore transport of single-stranded {DNA} on charged graphene},
	author       = {Shankla, Manish and Aksimentiev, Aleksei},
	year         = 2014,
	journal      = {Nat Commun},
	volume       = 5,
	number       = 1,
	pages        = 5171
}
@article{bates_dynamics_2003,
	title        = {Dynamics of {DNA} {Molecules} in a {Membrane} {Channel} {Probed} by {Active} {Control} {Techniques}},
	author       = {Bates, Mark and Burns, Michael and Meller, Amit},
	year         = 2003,
	journal      = {Biophysical Journal},
	volume       = 84,
	number       = 4,
	pages        = {2366--2372}
}
@article{vercoutere_discrimination_2003,
	title        = {Discrimination among individual {Watson}-{Crick} base pairs at the termini of single {DNA} hairpin molecules},
	author       = {Vercoutere, W. A.},
	year         = 2003,
	journal      = {Nucleic Acids Research},
	volume       = 31,
	number       = 4,
	pages        = {1311--1318}
}
@article{nakane_nanosensor_2004,
	title        = {A {Nanosensor} for {Transmembrane} {Capture} and {Identification} of {Single} {Nucleic} {Acid} {Molecules}},
	author       = {Nakane, Jonathan and Wiggin, Matthew and Marziali, Andre},
	year         = 2004,
	journal      = {Biophysical Journal},
	volume       = 87,
	number       = 1,
	pages        = {615--621}
}
@article{stoddart_nucleobase_2010,
	title        = {Nucleobase {Recognition} in {ssDNA} at the {Central} {Constriction} of the α-{Hemolysin} {Pore}},
	author       = {Stoddart, David and Heron, Andrew J. and Klingelhoefer, Jochen and Mikhailova, Ellina and Maglia, Giovanni and Bayley, Hagan},
	year         = 2010,
	journal      = {Nano Lett.},
	volume       = 10,
	number       = 9,
	pages        = {3633--3637}
}
@article{ayub_individual_2012,
	title        = {Individual {RNA} {Base} {Recognition} in {Immobilized} {Oligonucleotides} {Using} a {Protein} {Nanopore}},
	author       = {Ayub, Mariam and Bayley, Hagan},
	year         = 2012,
	journal      = {Nano Lett.},
	volume       = 12,
	number       = 11,
	pages        = {5637--5643}
}
@article{di_muccio_insights_2019,
	title        = {Insights into protein sequencing with an α-{Hemolysin} nanopore by atomistic simulations},
	author       = {Di Muccio, Giovanni and Rossini, Aldo Eugenio and Di Marino, Daniele and Zollo, Giuseppe and Chinappi, Mauro},
	year         = 2019,
	journal      = {Sci Rep},
	volume       = 9,
	number       = 1,
	pages        = 6440
}
@article{wang_retarded_2020,
	title        = {Retarded {Translocation} of {Nucleic} {Acids} through α-{Hemolysin} {Nanopore} in the {Presence} of a {Calcium} {Flux}},
	author       = {Wang, Sha and Wang, Yuqin and Yan, Shuanghong and Du, Xiaoyu and Zhang, Panke and Chen, Hong-Yuan and Huang, Shuo},
	year         = 2020,
	journal      = {ACS Appl. Mater. Interfaces},
	volume       = 12,
	number       = 24,
	pages        = {26926--26935}
}
@article{hampitak_protein_2020,
	title        = {Protein interactions and conformations on graphene-based materials mapped using a quartz-crystal microbalance with dissipation monitoring ({QCM}-{D})},
	author       = {Hampitak, Piramon and Melendrez, Daniel and Iliut, Maria and Fresquet, Maryline and Parsons, Natalie and Spencer, Ben and Jowitt, Thomas A and Vijayaraghavan, Aravind},
	year         = 2020,
	journal      = {Carbon},
	volume       = 165,
	pages        = {317--327}
}
@article{wei_control_2019,
	title        = {Control of {Protein} {Conformation} and {Orientation} on {Graphene}},
	author       = {Wei, Shuai and Zou, Xingquan and Tian, Jiayi and Huang, Hao and Guo, Wen and Chen, Zhan},
	year         = 2019,
	journal      = {J. Am. Chem. Soc.},
	volume       = 141,
	number       = 51,
	pages        = {20335--20343}
}
@article{he_planar_2020,
	title        = {Planar graphene/h-{BN}/graphene heterostructures for protein stretching and confinement},
	author       = {He, Zhi and Zhou, Ruhong},
	year         = 2020,
	journal      = {Nanoscale},
	volume       = 12,
	number       = 25,
	pages        = {13822--13828}
}
@article{yang_electrostatic_2020,
	title        = {Electrostatic self-assembly of {pFe3O4} nanoparticles on graphene oxide: {A} co-dispersed nanosystem reinforces {PLLA} scaffolds},
	author       = {Yang, Wenjing and Zhong, Yancheng and He, Chongxian and Peng, Shuping and Yang, Youwen and Qi, Fangwei and Feng, Pei and Shuai, Cijun},
	year         = 2020,
	journal      = {Journal of Advanced Research},
	volume       = 24,
	pages        = {191--203}
}
@article{ji_lithium_2019,
	title        = {Lithium intercalation into bilayer graphene},
	author       = {Ji, Kemeng and Han, Jiuhui and Hirata, Akihiko and Fujita, Takeshi and Shen, Yuhao and Ning, Shoucong and Liu, Pan and Kashani, Hamzeh and Tian, Yuan and Ito, Yoshikazu and Fujita, Jun-ichi and Oyama, Yutaka},
	year         = 2019,
	journal      = {Nat Commun},
	volume       = 10,
	number       = 1,
	pages        = 275
}
@article{yoon_chloroaluminate_2022,
	title        = {Chloroaluminate {Anion} {Intercalation} in {Graphene} and {Graphite}: {From} {Two}-{Dimensional} {Devices} to {Aluminum}-{Ion} {Batteries}},
	author       = {Yoon, Hana and Rezaee, Mehdi and Lee, Yeong A. and Yim, Kanghoon and Tamarany, Rizcky and Lee, Chan-Woo and McGraw, Valerie S. and Taniguchi, Takashi and Watanabe, Kenji and Kim, Philip and Yoo, Chung-Yul and Bediako, D. Kwabena},
	year         = 2022,
	journal      = {Nano Lett.},
	volume       = 22,
	number       = 4,
	pages        = {1726--1733}
}
@article{yu_reversible_2023,
	title        = {Reversible {Ionic} {Liquid} {Intercalation} for {Electrically} {Controlled} {Thermal} {Radiation} from {Graphene} {Devices}},
	author       = {Yu, Xiaoxiao and Bakan, Gokhan and Guo, Hengyi and Ergoktas, M. Said and Steiner, Pietro and Kocabas, Coskun},
	year         = 2023,
	journal      = {ACS Nano},
	volume       = 17,
	number       = 12,
	pages        = {11583--11592}
}
@article{groger_step-wise_2009,
	title        = {Step-wise self-assembly of a small molecule with two orthogonal binding interactions leads to single stranded linear polymers in {DMSO}},
	author       = {Gröger, Gerd and Stepanenko, Vladimir and Würthner, Frank and Schmuck, Carsten},
	year         = 2009,
	journal      = {Chem. Commun.},
	number       = 6,
	pages        = {698--700}
}
@article{lu_using_2012,
	title        = {Using the {Graphene} {Moiré} {Pattern} for the {Trapping} of {C} $_{\textrm{60}}$ and {Homoepitaxy} of {Graphene}},
	author       = {Lu, Jiong and Yeo, Pei Shan Emmeline and Zheng, Yi and Yang, Zhiyong and Bao, Qiaoliang and Gan, Chee Kwan and Loh, Kian Ping},
	year         = 2012,
	journal      = {ACS Nano},
	volume       = 6,
	number       = 1,
	pages        = {944--950}
}
@article{lee_li_2012,
	title        = {Li {Absorption} and {Intercalation} in {Single} {Layer} {Graphene} and {Few} {Layer} {Graphene} by {First} {Principles}},
	author       = {Lee, Eunseok and Persson, Kristin A.},
	year         = 2012,
	journal      = {Nano Lett.},
	volume       = 12,
	number       = 9,
	pages        = {4624--4628}
}
@article{luan_spontaneous_2018,
	title        = {Spontaneous {Transport} of {Single}-{Stranded} {DNA} through {Graphene}–{MoS} ₂ {Heterostructure} {Nanopores}},
	author       = {Luan, Binquan and Zhou, Ruhong},
	year         = 2018,
	journal      = {ACS Nano},
	volume       = 12,
	number       = 4,
	pages        = {3886--3891}
}
@article{zou_spontaneous_2020,
	title        = {Spontaneous {Translocation} of {Single}-{Stranded} {DNA} in {Graphene}–{MoS} ₂ {Heterostructure} {Nanopores}: {Shape} {Effect}},
	author       = {Zou, Aodong and Xiu, Peng and Ou, Xinwen and Zhou, Ruhong},
	year         = 2020,
	journal      = {J. Phys. Chem. B},
	volume       = 124,
	number       = 43,
	pages        = {9490--9496}
}
